1413 2482
181 72 225 106 54
517 74 628 108 Perm
654 75 830 109 DAmeus
855 74 985 109 Huc-ru

184 171 434 196 eramentorum
461 165 740 198 communionem
766 165 967 207 Origenistis
994 165 1197 199 concessisse
1221 165 1326 198 Joan-

185 236 280 264 nem,
314 233 347 256 ct
379 225 493 258 animo
529 239 598 259 esse
633 228 674 260 ad
709 228 862 260 serendas
895 227 977 272 ipsis
1001 227 1172 272 suppetias
1197 236 1328 272 parato.

188 286 303 329 Quare
328 287 368 319 ad
395 287 576 332 episcopos
603 289 708 321 mittit
733 289 847 322 literas
874 302 1138 334 quaquaversus,
1160 288 1330 323 Joannem

188 347 349 388 dignitate
375 358 409 381 et
435 348 634 394 episcopatu
666 360 838 390 evertere,
870 360 903 383 ct
928 350 1137 384 Dioscorum
1163 364 1239 384 cum
1266 351 1331 383 sra-

189 408 294 442 tribus
325 423 364 443 ac
403 411 503 444 sociis
535 412 652 446 ulcisci
686 412 780 445 omni
812 413 918 445 modo
944 422 1116 455 satagens,
1151 412 1331 446 consilium

190 479 301 503 tamen
318 481 414 505 caute
433 473 618 514 occultam,
644 474 800 517 Origenis
821 474 927 507 libros
941 475 1164 507 solummodo
1182 486 1332 518 carpens.

279 532 316 566 Si
341 535 415 579 quis
442 535 650 577 Origenistas
674 549 691 569 a
709 537 840 570 Joanne
868 546 1028 581 exceptos
1053 535 1155 569 fuisse
1179 534 1333 574 miretur,

188 607 342 636 magnam
366 597 456 640 apud
483 611 601 630 omnes
626 598 847 631 Nitriensium
880 599 1131 631 monachorum
1166 596 1334 630 existima·

188 655 318 688 tionem
344 657 446 690 fuisse
471 659 684 701 meminerit3
710 670 744 693 et
769 660 1015 706 Chrysostomo
1040 659 1108 705 jam
1132 659 1211 692 inde
1236 668 1333 691 notas

189 729 261 750 esse
286 718 472 764 Theophili
496 731 602 762 artes,
635 735 712 754 cum
744 710 915 755 Isidorum
949 722 982 755 in
1018 719 1335 765 Constantinopoli-

190 787 301 812 tanam
325 781 443 813 sedem
469 782 661 824 intrudere,
694 793 727 817 ct
759 797 826 829 quo
865 784 976 821 minus
1007 784 1049 817 ad
1077 796 1150 816 eam
1175 782 1335 816 evehere-

190 841 284 886 tur¹)
305 843 454 877 Joannes
473 844 641 890 impedire
660 855 800 879 conatus
823 856 882 882 est.
916 846 1096 879 Praeterea
1110 844 1336 887 origenianos

193 916 326 937 errores
357 907 496 950 publice
529 907 686 941 detestati
719 909 853 941 fuerant
885 908 1090 941 Nitrienses:
1129 906 1206 939 hinc
1238 906 1336 938 valde

191 977 346 1011 suspecta
371 968 423 1001 illi
449 969 636 1014 Theophili
662 969 863 1003 criminatio.
913 972 959 1003 At
982 983 1045 1002 nec
1070 970 1152 1002 dum
1176 967 1253 1001 satis
1278 968 1337 1000 ad-

193 1037 338 1062 verterat
363 1030 439 1074 pius
463 1031 599 1064 antistes
623 1032 856 1066 simulationes
895 1031 1183 1074 origenistarum,
1215 1030 1336 1075 quibus

195 1089 348 1135 objectos
383 1105 514 1126 errores
545 1093 736 1138 juramento
770 1095 901 1127 diluere
935 1093 1091 1138 proclive
1124 1102 1205 1126 erat.
1266 1093 1337 1125 No·

195 1152 296 1184 tanda
321 1153 403 1186 baec
423 1155 625 1202 Hieronymi
646 1155 782 1201 epistol.
800 1156 854 1190 65.
881 1157 922 1189 ad
940 1154 1132 1189 Pammach.
1158 1163 1192 1187 et
1209 1154 1336 1188 Ocean.

194 1225 268 1257 cap.
293 1213 322 1248 1.
364 1215 532 1257 maniam,
558 1219 650 1262 quod
676 1219 789 1251 solum
815 1227 944 1259 cavent,
966 1227 1006 1250 ut
1027 1229 1122 1250 sacra
1145 1228 1266 1248 eorum
1291 1223 1339 1247 at-

196 1288 261 1319 que
285 1277 444 1323 mysteria
471 1279 503 1312 in
528 1280 706 1324 publicum
732 1281 926 1326 proferam,
958 1289 991 1312 et
1023 1278 1132 1311 omnis
1156 1276 1337 1322 prudentia

196 1350 334 1378 eorum,
375 1354 440 1384 qua
473 1354 533 1374 nos
561 1342 733 1387 simplices
758 1342 896 1381 ludunt,
934 1340 968 1373 in
999 1339 1187 1385 propatulo
1211 1338 1274 1380 sit;
1304 1349 1338 1372 et

196 1399 254 1443 qui
291 1401 425 1443 neganti
459 1403 536 1435 voci
570 1417 639 1436 non
678 1405 837 1443 credunt,
871 1403 1009 1436 credant
1040 1402 1161 1435 saltem
1185 1400 1338 1443 arguenti

195 1462 300 1506 stylo.
348 1463 424 1496 Hoc
450 1465 539 1498 enim
565 1466 789 1504 veLmaxime
822 1474 960 1505 cavent,
993 1477 1035 1497 ne
1060 1464 1195 1510 quando
1221 1472 1338 1496 contra

195 1533 371 1557 auctorem
402 1539 500 1559 suum
536 1540 655 1560 eorum
687 1529 811 1572 scripta
844 1536 1031 1560 teneantur.
1079 1526 1196 1560 Facile
1220 1525 1337 1558 dicunt

198 1599 275 1618 cum
300 1586 509 1631 juramento,
542 1590 636 1634 quod
667 1599 786 1634 postea
817 1590 886 1623 alio
911 1590 1045 1622 solvant
1069 1587 1235 1633 perjurio.
1282 1588 1338 1622 Ad

196 1649 482 1694 subscriptionem
501 1650 772 1694 tergiversantur,
786 1660 1018 1697 quaeruntque
1034 1649 1190 1692 suffugia.
1222 1649 1337 1683 Alius:

198 1710 277 1742 Non
308 1724 465 1755 possum,
506 1712 637 1758 inquit,
676 1714 855 1754 damnare,
892 1713 986 1758 quod
1021 1725 1122 1745 nemo
1155 1711 1336 1745 damnavit.

199 1771 311 1805 Alius:
337 1773 430 1807 Nihil
455 1789 557 1820 super
581 1776 647 1809 hoc
671 1789 690 1808 a
714 1775 872 1809 Patribus
898 1784 1060 1808 statutum
1086 1783 1154 1815 cst;
1184 1782 1223 1806 ut
1255 1773 1352 1805 dum*

199 1833 303 1867 totius
330 1836 421 1868 orbis
447 1847 655 1881 provocatur
678 1838 879 1877 auctoritas,
903 1836 1136 1869 subscribendi
1160 1835 1337 1868 necessitas

199 1895 387 1931 differatur.
428 1899 576 1943 Quidam
592 1899 815 1932 constantius:
843 1898 1044 1942 Quomodo,
1057 1896 1177 1942 inquit,
1202 1897 1339 1929 damna—

200 1957 321 1998 bimus,
346 1973 430 2004 quos
455 1961 602 2006 synodus
627 1961 775 1994 Nicaena
799 1974 868 1994 non
893 1959 1051 2002 tetigit?«
1087 1960 1199 2003 Atque
1218 1957 1252 1991 id
1268 1971 1337 1990 non

201 2019 243 2052 de
280 2021 436 2053 omnibus
471 2022 688 2064 origenistis,
726 2032 945 2068 quotcunque
980 2022 1022 2054 ad
1060 2020 1338 2066 Clnrysostomum

203 2083 440 2125 confugerant,
472 2084 684 2117 intellectum
712 2084 831 2127 velim,
868 2097 944 2117 nam
969 2082 1093 2128 partim
1117 2081 1338 2122 orthodoxis,

301 2213 332 2261 ¹)
356 2217 445 2251 Edd.
472 2219 589 2254 Huctii
614 2220 720 2260 male,
755 2218 866 2264 prior:
912 2226 1184 2262 »echcretur,«
1218 2216 1337 2250 altera:

207 2272 494 2308 »exsequeretun«
