1422 2472
363 617 985 669 PROLEGOMENA.

112 837 253 909 Quum
277 859 313 893 In
339 859 409 893 hoc
435 869 579 904 quoque
610 859 728 893 Tomo
755 859 924 901 eandem,
962 868 1068 903 quam
1099 858 1134 892 in
1167 859 1239 892 To-

107 942 177 977 mis
201 939 523 988 praecedentibus,
557 949 722 974 normam
753 946 925 985 sequutus
952 940 1037 982 sim,
1072 945 1108 974 et
1132 951 1239 985 quum

111 1020 195 1055 libri
231 1019 338 1062 hujus
369 1017 486 1051 moles
510 1023 657 1063 praeter
689 1028 791 1064 spem
822 1029 940 1052 meam
972 1024 1079 1064 atque
1113 1030 1240 1065 exspe-

111 1097 306 1131 ctationem
321 1096 428 1129 nimIs
442 1096 656 1137 accreverit,
680 1096 902 1141 pauciSsima
918 1101 1068 1140 tantum,
1094 1099 1234 1132 eadem—

112 1185 180 1219 que
205 1175 249 1208 ad
274 1172 520 1207 Tom.XXIII.
545 1183 617 1206 non
641 1173 758 1207 minus
784 1184 889 1218 quarn
915 1174 958 1208 ad
973 1174 1075 1208 Tom.
1101 1176 1239 1210 huncce

111 1253 236 1286 XXIV.
262 1250 475 1296 spectantia,
500 1251 534 1284 in
562 1250 680 1285 fronte
705 1251 810 1295 hujus
836 1251 941 1285 Tomi
964 1254 1132 1297 ponenda
1158 1264 1239 1289 esse

110 1330 187 1364 visa
213 1333 305 1364 sunt.

198 1410 249 1441 Ac
272 1408 428 1453 primum
462 1406 605 1451 quidem
640 1409 675 1442 in
707 1416 853 1442 censum
884 1409 1048 1443 vocanda
1078 1420 1159 1443 esse
1189 1411 1239 1443 vi-

109 1487 237 1520 dentur
261 1496 323 1525 ea,
356 1496 447 1529 quae
479 1485 730 1520 Tom.XX111.
764 1497 843 1531 pag.
867 1486 944 1520 254.
975 1491 1048 1521 not.
1075 1488 1122 1529 1.,
1155 1498 1237 1533 pag.

109 1564 185 1600 263.
209 1568 283 1598 not.
310 1565 353 1605 1.,
377 1573 456 1608 pag.
482 1564 557 1598 266.
588 1570 661 1598 not.
687 1566 738 1607 1.,
771 1574 850 1609 pag.
875 1565 951 1601 270.
983 1571 1057 1599 not.
1084 1567 1134 1606 1.,
1156 1577 1235 1611 pag.

108 1643 183 1679 331.
208 1647 280 1676 not.
306 1644 334 1677 1.
362 1653 382 1676 a
405 1641 512 1676 nobis
536 1652 607 1676 non
639 1642 757 1676 solum
791 1643 825 1676 in
856 1653 988 1687 genere
1020 1643 1236 1685 exhibenda,

109 1721 171 1756 sed
204 1720 287 1754 huic
326 1720 396 1765 ipsi
426 1720 542 1754 Tomo
578 1721 768 1755 inserenda
804 1720 1006 1755 lectoribus
1045 1722 1233 1756 benevolis

106 1799 361 1844 promisimus,
394 1804 428 1831 et
461 1808 552 1842 quae
583 1809 675 1833 nunc
695 1799 778 1842 jure
801 1804 928 1833 nostro
953 1809 1106 1843 prorsus
1132 1800 1237 1833 hicce

109 1877 369 1911 desiderantur.
418 1876 593 1911 Conferre
612 1877 733 1917 velint,
756 1887 900 1922 precor,
925 1877 1084 1912 lectores
1110 1879 1153 1912 de
1180 1878 1235 1913 his

109 1955 258 1999 singulis
282 1955 420 2000 pariter
445 1959 552 1999 atque
578 1956 621 1989 de
644 1956 770 1989 Jndice
794 1955 959 1990 locorum
983 1956 1118 1990 Sacrae
1138 1956 1236 1990 Scri·

109 2038 236 2077 pturae
268 2033 370 2067 Tom.
405 2039 612 2077 sequentem
654 2035 875 2079 eundemque
907 2035 961 2068 ed.
1001 2039 1147 2069 nostrae
1180 2034 1235 2068 uI-

112 2110 244 2145 timum.

200 2190 307 2231 Quod
336 2199 422 2224 vero
458 2199 501 2223 ea
531 2189 658 2224 attinet
690 2190 819 2233 verba,
853 2200 944 2235 quae
973 2191 1077 2225 Tom.
1108 2192 1233 2226 XXIII.

111 2251 190 2311 pag.
215 2265 288 2301 305.
312 2273 383 2301 not.
411 2268 461 2308 1.,
492 2277 572 2313 pag.
596 2267 671 2304 308.
704 2273 776 2302 not.
803 2269 851 2311 1.,
888 2278 969 2314 pag.
995 2268 1070 2304 323.
1101 2273 1176 2304 not.
1204 2271 1230 2305 1.
