1413 2482
203 101 249 138 98
546 103 659 139 Pit-rm
683 104 857 140 Dmnms
882 103 1015 139 Huxrn

207 192 304 226 illum
324 204 590 239 praecesserunt,
615 204 648 227 et
669 194 774 228 secuti
799 203 886 235 sunt,
911 193 1185 228 absurdissImum
1202 206 1237 227 se
1255 205 1351 240 prae.

208 254 378 288 stiterit:«
406 269 490 300 quae
522 269 560 289 ex
584 256 778 302 Epiphanio
815 257 915 291 Haer.
942 256 995 292 64.
1028 269 1103 302 cap.
1126 256 1160 292 5.
1190 257 1262 290 fere
1293 256 1352 289 de-

206 326 321 362 cerpta
350 327 439 352 sunt.
487 319 635 353 Rursum
668 332 749 353 vcro
781 320 863 365 quid
895 319 1078 354 Sidonium
1103 318 1351 365 Apollinarem,

205 379 286 425 quid
312 379 464 422 Bedam,
488 381 572 427 quid
596 381 830 428 Freculphum
854 381 1116 423 Lexoviensem,
1148 381 1229 427 quid
1251 381 1352 425 Regi-

206 454 353 484 nonern,
389 442 473 489 quid
504 444 738 479 Hermannum
770 445 1012 486 Contractum,
1049 444 1132 491 quid
1162 444 1353 479 Marianum

205 503 367 547 Scotum,
400 505 482 552 quid
507 505 700 542 Honorium
727 509 1085 551 Augustodunensem‚
1116 507 1197 554 quid
1221 507 1354 541 Guliel-

206 580 301 601 mum
325 568 549 604 parisiensem
583 572 774 618 appellem,
808 571 865 617 qui
897 571 930 604 in
965 585 1043 605 eum
1074 583 1146 605 sese
1178 570 1354 617 aequiores

205 632 461 676 praebuerunt?
508 633 602 678 Quid
625 634 812 669 Martinum
837 633 1022 675 polonum,
1046 633 1104 680 qui
1128 634 1254 678 magnis
1278 647 1356 668 eum

212 694 333 728 extulit
364 693 543 732 laudibus?
590 697 685 743 Quid
707 697 922 732 Anastasium
945 696 1261 739 bibliothecarium,
1298 697 1355 744 qui

207 756 244 790 in
268 757 435 792 contraria
458 759 525 793 suit
548 761 730 803 sententia,
762 770 796 796 et
831 759 1023 806 asperrimis
1054 759 1166 806 ipsum
1199 760 1356 795 convitiis

208 821 414 867 perfricuit?
463 821 558 866 Quid
580 813 810 865 Bernardum,
845 824 903 869 qui
934 822 969 857 in
993 836 1149 858 sermone
1181 824 1224 859 de
1248 823 1358 859 verbis

211 884 387 928 Origenis,
412 883 501 918 hunc
527 885 772 933 circumspecte
798 886 978 929 legendum
1004 899 1074 920 esse
1097 897 1235 930 monet,
1266 887 1359 934 quod

214 948 322 981 multa
358 947 457 981 illum
496 958 614 983 contra
649 950 754 983 fidem
790 948 960 995 scripsisse
996 959 1191 984 sanctorum
1220 951 1359 984 Patmm

211 1010 324 1044 tradat
347 1009 552 1045 auctoritas?
590 1010 685 1057 Quid
705 1011 873 1046 Thomam
892 1010 1108 1057 Aquinatem,
1132 1012 1244 1059 ipsum
1270 1011 1361 1046 haud

212 1086 307 1107 secus
331 1085 369 1107 ac
390 1082 566 1119 parentem
591 1073 798 1108 Arianorum
821 1073 1071 1108 incessentem?
1109 1073 1205 1120 Quid
1227 1075 1362 1109 Rober-

215 1146 288 1170 tum
306 1136 497 1171 Cursonum
517 1136 675 1180 Anglum‚
702 1150 803 1183 quem
826 1136 997 1183 scripsisse
1023 1136 1149 1170 librum
1173 1134 1218 1172 de
1240 1136 1362 1172 salva-

215 1200 315 1234 tione
347 1197 521 1244 Ort‘gem‘s·
552 1199 658 1233 refert
686 1198 830 1234 Balacus
862 1199 1002 1234 Centur.
1028 1198 1061 1235 3.
1096 1198 1261 1245 Scriptor.
1285 1197 1362 1233 Bri-

215 1261 375 1296 tanniae?
421 1261 514 1306 Quid
545 1261 762 1295 Vincentium
794 1262 1096 1302 Bellovacensem,
1127 1261 1185 1308 qui
1219 1261 1361 1308 Speculi

217 1324 426 1358 Doctrinalis
451 1324 527 1357 libr.
547 1322 599 1359 18.
626 1337 698 1370 cap.
716 1323 770 1360 43.
796 1338 927 1358 summa
951 1324 1120 1370 aequitate
1144 1324 1187 1358 de
1212 1323 1360 1367 Origene

216 1385 439 1432 pronuntiat?
469 1385 563 1429 Quid
576 1386 794 1420 Wernerum
808 1386 1070 1432 Westplialum‚
1095 1387 1154 1433 qui
1177 1396 1362 1433 postquam

214 1448 332 1483 laudes
371 1447 407 1481 in
439 1446 622 1490 Origenem
661 1448 844 1492 congessit,
877 1448 1060 1483 conciliare
1093 1461 1127 1482 se
1163 1461 1233 1483 non
1261 1461 1362 1495 posse

219 1513 301 1547 dicit
337 1519 559 1557 repugnantes
592 1508 636 1544 et*
656 1511 830 1557 oppositas
868 1512 910 1545 de
941 1510 1071 1545 meritis
1106 1523 1144 1545 ac
1179 1511 1361 1544 virtutibus

217 1574 375 1617 Origenis
409 1572 614 1608 sententias?
661 1573 756 1618 Quid
780 1573 891 1608 varios
923 1583 1097 1620 praeterea
1126 1572 1298 1607 inferioris
1321 1573 1363 1606 il-

214 1637 279 1671 lius
304 1635 378 1670 aevi
401 1636 589 1670 haereticos
609 1623 815 1683 recenseam,
840 1636 899 1682 qui
921 1638 1085 1684 pleraque
1110 1635 1214 1682 ipsius
1238 1635 1365 1682 placita

218 1708 440 1734 renovarunt:
469 1699 560 1733 velut
582 1699 625 1740 ii,
651 1698 773 1745 quibus
798 1712 923 1733 nomen
949 1700 1016 1734 suit
1037 1700 1080 1733 de
1103 1698 1251 1740 Bai-ulo,
1276 1710 1361 1744 quos

218 1761 374 1796 historici
409 1771 545 1795 narrant
590 1761 777 1796 animarum
811 1759 1045 1810 προῖἴπαρξιν
1084 1760 1293 1803 defendisse,
1328 1770 1364 1794 et

218 1812 352 1859 beatam
383 1823 547 1867 virginem
576 1837 641 1870 pro
680 1826 799 1868 angelo
833 1825 1007 1859 habuisse:
1044 1824 1139 1858 velut
1169 1823 1363 1864 andenses,

219 1888 278 1934 qui
301 1887 504 1928 sacerdotes,
528 1886 690 1933 quamdiu
716 1886 912 1921 criminibus
939 1897 972 1921 et
988 1887 1086 1921 noxis
1101 1884 1263 1932 impliciti
1287 1885 1363 1918 hae-

218 1959 312 1991 rent,
346 1948 474 1982 ordinis
497 1948 548 1982 sui
571 1959 742 1995 potestate
765 1950 816 1983 uti
839 1962 908 1983 non
938 1963 1057 1995 posse,
1087 1957 1120 1982 et
1143 1948 1220 1994 pios
1246 1960 1364 1982 omnes

217 2012 408 2047 sacerdotes
433 2025 503 2045 esse
529 2012 744 2046 asserebant?
789 2011 905 2045 Unum
936 2011 1022 2045 illud
1044 2010 1194 2044 monitos
1220 2010 1364 2044 lectores

222 2075 343 2116 velim,
375 2074 524 2119 asperius
549 2076 620 2108 sere
646 2089 663 2109 a
688 2073 825 2108 Graccis
851 2073 1034 2116 Origenem
1066 2086 1166 2119 quam
1198 2085 1216 2107 a
1239 2072 1365 2115 Latinis

221 2135 389 2171 adhiberi:
427 2134 519 2182 cujus
551 2138 600 2169 rei
632 2150 779 2170 caussam
803 2136 846 2169 ad
870 2136 1040 2181 synodum
1073 2136 1225 2182 quintam
1247 2135 1366 2169 referi·

221 2213 314 2240 mus,
347 2210 431 2244 quae
463 2211 540 2231 cum
567 2198 750 2241 Origenern
783 2211 847 2232 una
873 2211 949 2231 cum
982 2199 1088 2231 tribus
1113 2197 1280 2244 Capitulis
1305 2197 1363 2230 da-

219 2270 375 2301 mnasset,
400 2259 463 2293 tria
488 2272 569 2293 vero
596 2259 752 2304 Capituln
778 2261 970 2305 complures
990 2259 1186 2294 Occidentis
1213 2258 1366 2303 episcopi

222 2322 379 2358 adversus
401 2321 526 2368 synodi
543 2321 780 2356 auctoritatem
795 2321 882 2355 tueri
898 2321 1131 2361 instituissem,
1154 2318 1232 2354 hinc
1247 2318 1367 2353 tuendi
