1422 2472
364 77 677 109 omui-:mmmmm
702 77 816 109 Lmen
843 77 901 109 ΙΙΙ,
1133 77 1198 112 225

63 167 179 199 thecae
197 165 404 200 Holmiensis
421 166 607 200 Christinae
631 166 764 209 reginae
789 166 1036 210 descripsimus.
1077 166 1194 200 Titulo

61 227 198 272 quidem
219 237 318 267 caret,
338 229 396 260 sed
419 241 456 261 ex
480 228 583 273 ipsius
598 227 722 273 Operis
740 228 886 260 lectione
905 237 1034 269 auctor,
1052 238 1085 262 et
1101 242 1197 271 argu-

56 299 210 322 mentum
224 290 323 322 facile
340 291 657 334 deprehenduntur:
682 298 720 321 ut
743 288 808 321 alia
825 288 953 334 quippe
967 290 1120 323 deessent
1143 290 1195 323 in-

57 351 154 392 dicia,
179 352 234 384 vel
253 365 290 384 ea
306 352 500 385 sufficerent
519 352 629 390 verba,
645 350 765 396 quibus
781 351 971 383 dissertatio
989 352 1192 385 absolvitur:

60 415 181 447 Ταῦτα
199 412 290 448 κατὰ
311 412 471 457 δύναμιν
489 413 580 458 ἐμὴν
593 417 642 452 εἰς
658 411 696 447 τὸ
714 414 774 455 τῆς
789 412 893 456 εὐχῆς
906 411 1111 460 πρόβλημα,
1135 417 1194 448 καὶ

57 478 106 514 εἷς
129 474 194 518 τὴν
218 476 258 510 ἒν
280 479 354 514 τοῖς
367 474 592 519 εὖαγγελίοις
617 473 737 519 εὐχὴν,
765 472 806 507 τά
827 488 859 508 τε
879 473 948 519 πρὸ
969 475 1078 517 αὐτῆς
1094 475 1194 521 παρὰ

54 539 104 582 τῷ
126 541 311 582 ΠΙατθαίῳ
328 539 498 580 εἰρημένα
525 535 614 582 ἡμῖν
636 534 839 579 διήθληται,
867 539 1192 580 (μὶομαθέσπιτοι,

56 601 117 633 καὶ
142 597 378 643 γνησιώτατοι
419 599 458 632 ἐν
490 602 681 642 θεοσεβείᾳ
713 598 825 641 ἀδελᾳ
836 600 886 640 οὶ,
919 596 1108 642 Λμβρόσιε
1133 603 1194 633 καὶ

59 659 230 702 Τατιανή.
291 660 467 703 Quaenam
488 660 520 704 ¹)
558 673 596 692 ea
635 659 738 692 suerit
777 659 935 699 Tatiana,
972 659 1083 704 deque
1119 659 1190 705 ipsa

150 800 181 845 ¹)
206 800 270 832 Vix
298 799 499 846 conjecturis
524 799 604 832 licet
629 800 778 844 assequi,
812 812 975 844 quaenam
1000 799 1103 832 fuerit
1128 799 1194 833 Ta-

51 858 149 891 tiana.
195 856 330 899 Elegia,
363 869 447 901 quae
482 868 557 888 cum
591 855 774 888 Ambrosio
803 855 966 900 partitur,
997 857 1192 890 communia

52 913 228 958 utriusque
258 912 434 952 mandata,
465 921 498 944 et
523 912 724 957 obsequium
758 911 893 957 utrique
918 912 1021 945 simul
1046 914 1087 946 ab
1112 913 1192 947 Ori-

49 983 133 1013 gene
157 969 356 1014 praestitum
380 981 546 1001 summam
576 968 665 1001 inter
694 968 774 1000 illos
805 967 1024 1001 intervenisse
1050 968 1191 1015 conjun-

51 1027 198 1059 ctionem
224 1025 419 1063 suaderent,
453 1023 679 1069 coniugesque
704 1024 824 1063 fuisse,
857 1023 921 1056 nisi
947 1034 1065 1058 eontra
1088 1039 1190 1070 appa-

50 1083 170 1116 ruisset
195 1095 233 1114 ex
259 1094 312 1125 ep.
337 1080 378 1112 ad
393 1080 599 1119 Africanum,
626 1079 798 1112 Ambrosii
823 1092 964 1113 uxorem
990 1082 1190 1115 Marcellam

51 1139 153 1171 fuisse
179 1137 395 1182 appellatam.
442 1134 587 1167 Videtur
619 1147 698 1176 ergo
723 1147 918 1178 superesse,
951 1146 988 1169 ut
1013 1137 1189 1171 Tatianam

49 1195 83 1227 in
108 1193 267 1239 proximo
294 1190 558 1237 conjunctionis,
591 1190 717 1223 sororis
747 1190 908 1222 nimirum
940 1194 1043 1234 gradu
1067 1204 1191 1227 statua-

49 1264 142 1290 mus,
166 1249 364 1294 praesertim
399 1260 475 1280 cum
504 1260 540 1279 ex
568 1247 726 1289 Origenis
751 1247 996 1282 Exhortatione
1030 1251 1070 1283 ad
1097 1251 1190 1284 Mar-

47 1307 172 1353 tyrium
206 1303 388 1337 Ambrosio
423 1303 455 1335 in
490 1303 631 1335 vinculis
663 1303 848 1336 constituto
880 1304 1058 1349 inscripta,
1089 1306 1188 1340 illum

47 1375 116 1395 non
141 1361 246 1394 modo
278 1369 374 1392 natos
407 1368 506 1403 atque
539 1359 675 1399 fratres,
711 1360 770 1392 sed
804 1369 837 1392 et
869 1372 1003 1394 sorores
1034 1362 1187 1396 habuisse

48 1426 188 1451 constet.
238 1415 330 1459 Quin
357 1415 456 1448 etiam
488 1417 530 1448 ab
559 1415 707 1457 Origene
744 1415 841 1460 hujus
873 1416 950 1448 libri
974 1421 1056 1461 περὶ
1083 1419 1189 1463 εὐχῆς

47 1487 140 1507 num.
167 1474 199 1508 2.
237 1471 440 1505 describitur
471 1472 611 1504 Tatiana
649 1481 806 1516 tanquam
844 1482 1034 1516 provectae⁴
1060 1475 1187 1515 aetatis,

46 1543 109 1564 nec
133 1542 203 1562 non
227 1528 299 1573 ipsa
325 1537 358 1560 et
376 1527 576 1560 Ambrosius
601 1529 662 1560 sub
686 1528 789 1560 finem
807 1528 930 1572 Operis
948 1529 1186 1574 γνησιώπιῑοι

47 1587 159 1631 &detq
171 1589 215 1627 ot,
232 1583 389 1628 fratres
409 1585 591 1628 germani
613 1583 781 1617 dicuntur.
828 1584 957 1616 Verum
982 1598 1186 1630 quamquam

45 1643 127 1675 haec
155 1641 339 1674 admodum
367 1639 558 1684 probabilia
579 1649 665 1678 sunt,
690 1652 758 1671 non
784 1652 847 1683 pro
874 1640 971 1673 certis
994 1650 1108 1673 tamen
1127 1642 1186 1675 ha-

45 1699 119 1732 beri
142 1698 254 1731 velim.
303 1696 396 1730 Nihil
422 1696 511 1728 enim
537 1705 636 1735 vetat,
663 1695 834 1727 Ambrosii
861 1708 1013 1735 uxorem,
1040 1704 1124 1741 quae
1148 1697 1183 1730 in

48 1755 144 1800 epist.
176 1756 218 1788 ad
242 1754 439 1787 Africanum
465 1753 628 1785 Marcella
660 1761 818 1791 vocatur,
854 1751 1014 1785 Tatianae
1046 1765 1183 1798 quoque

46 1823 172 1844 nomen
195 1810 361 1843 habuisse.
409 1811 528 1854 Neque
554 1808 664 1851 magni
689 1808 854 1840 momenti
887 1816 953 1849 est,
985 1809 1079 1852 quod
1104 1808 1184 1841 libri

46 1870 129 1912 περὶ
154 1865 260 1912 εὐχῆς
297 1879 389 1898 num.
415 1865 445 1899 2.
482 1864 622 1897 Tatiana
658 1874 815 1910 tanquam
848 1874 1031 1909 provectae
1067 1865 1183 1899 aetatis

48 1923 266 1962 describitur,
293 1932 324 1955 et
348 1923 409 1955 sub
435 1921 537 1953 finem
563 1920 685 1966 Operis
711 1922 782 1966 ipua
809 1931 842 1954 et
868 1921 1068 1954 Ambrosius
1090 1934 1184 1966 γνη-

48 1976 213 2013 σιώτατοι
239 1977 350 2024 &delas
361 1983 398 2013 οί
418 1979 612 2010 salutantur.
651 1979 737 2011 Nam
762 1977 945 2022 utrobique
969 1986 1083 2021 potest
1100 1978 1184 2020 figu-

47 2043 116 2066 rata
149 2046 218 2066 esse
249 2033 402 2073 locutio,
434 2046 496 2065 nec
528 2033 625 2066 aliter
657 2034 746 2066 forte
778 2035 878 2066 ambo
915 2033 1184 2075 »germanissimi

50 2090 188 2122 fratres«
213 2089 438 2134 appellantur,
463 2102 562 2134 quam
586 2089 619 2121 in
636 2089 782 2129 Christo,
801 2090 923 2121 eodem
938 2101 1048 2133 prope
1065 2089 1183 2129 modo,

47 2158 115 2190 quo
155 2144 372 2177 Ambrosium
416 2144 525 2189 ipsum
570 2145 706 2177 fratrem
750 2159 846 2177 suum
885 2154 983 2177 vocat
1020 2145 1182 2188 Origenes

46 2200 144 2233 initio
170 2199 273 2232 Tomi
291 2200 334 2232 11.
361 2200 691 2233 Commentariorum
717 2201 750 2234 in
774 2201 953 2235 Joannem.
1000 2202 1040 2234 R.

93 2263 266 2295 Omefims
285 2260 424 2294 OPERA.
449 2262 544 2295 Tom.
563 2263 689 2295 XXIV.
940 2263 980 2296 15
