1413 2482
217 92 262 126 50
554 90 666 124 Pet-m
692 91 864 124 DANtELts
889 91 1024 125 litu-:Tu

217 181 350 214 hibent:
376 181 410 213 hi
436 182 509 214 zelo
537 180 616 212 fidei
649 181 767 213 ardere
801 181 967 221 eundem,
1004 181 1138 226 pollere
1170 182 1360 226 prudentia,

219 244 325 276 Mosis
351 243 510 275 virtutem
536 243 663 274 referre
689 243 816 276 dicunt.
867 242 974 285 Quod
1005 243 1032 276 si
1065 256 1118 276 res
1151 243 1195 275 ita
1222 243 1358 275 fuissent

219 316 342 348 gestae,
366 314 401 337 ut
428 318 445 336 a
470 304 626 337 Palladio
652 314 846 346 narrantur,
871 318 952 337 num
979 314 1190 349 praesentem
1216 305 1361 337 Posthu-

218 368 386 407 mianum,
425 376 457 399 et
489 366 719 411 Epiphanium
754 380 791 399 ac
823 367 1071 414 Hieronymum
1096 367 1130 400 in
1155 366 1275 399 vicinia
1299 379 1362 411 po-

219 431 302 463 sitos
333 429 439 462 latere
471 428 688 473 potuissent?
725 442 805 460 num
840 429 989 461 insontes
1022 441 1060 461 ac
1091 428 1168 473 pios
1208 428 1361 461 homines

220 501 354 538 praeter
387 492 435 523 sas
466 491 602 523 sedibus
633 491 700 523 suis
735 490 973 523 exterminatus
1007 490 1164 523 convitiis
1189 490 1252 535 ipsi
1278 503 1362 535 quo-

220 567 287 601 que
311 554 535 587 lacerassent?
560 567 641 586 num
659 553 845 598 Theophili
863 553 1070 598 petulantiae
1096 552 1363 585 consensissent?

219 630 302 650 num
329 614 541 648 ferocitatem
568 615 638 660 ejus
663 628 700 647 ac
718 615 890 648 saevitiam
911 615 1113 654 laudassent,
1139 624 1171 647 ct
1189 614 1359 648 laudando

221 677 411 713 auxissent?
450 676 556 721 Quod
581 677 609 710 si
635 690 652 710 e
680 677 852 717 contrario
886 678 968 710 salsa
998 679 1040 710 de
1073 676 1291 719 origenistis,
1328 685 1362 708 et

222 738 458 787 Chrysostomi
492 752 603 772 caussa
634 739 842 783 prodidisset
874 739 1001 772 literis:
1033 753 1073 771 an
1105 740 1147 772 de
1166 739 1256 783 ·ipso
1281 751 1361 783 pro-

220 802 405 837 nuntiasset
433 800 576 834 Photius
609 801 694 834 Cod.
728 800 784 837 96.
822 800 897 837 “On
932 802 1130 846 διαλογικῷ
1161 799 1261 846 τύπῳ
1293 815 1362 835 κα-

221 867 291 904 λῶς
314 877 351 900 ἰε
376 865 438 899 καὶ
463 864 775 910 ἐσπουδασμένως
805 862 848 898 τὰ
879 866 962 909 περὶ
995 863 1058 898 τὸν
1094 861 1362 909 Χρυσὸσιομον

222 924 480 973 ἆνεγράψαγο;
514 925 685 970 Equidem
720 935 752 958 et
776 924 841 971 jam
867 938 966 970 supra
992 926 1075 967 dixi,
1109 935 1139 957 et
1163 938 1253 958 nune
1277 937 1361 969 quo-

222 1001 288 1035 que
312 986 500 1033 pronuntio
533 986 680 1032 duplicis
705 987 808 1020 fuisse
832 987 960 1029 generis
987 987 1205 1029 origenistas,
1231 986 1359 1019 Ortho-

221 1052 328 1084 doxos
359 1058 393 1082 et
423 1050 681 1091 Heterodoxos3
715 1062 799 1094 quos
833 1063 908 1082 cum
940 1051 981 1082 ab
1010 1050 1152 1082 invicem
1185 1062 1360 1082 secernere

221 1114 256 1146 in
282 1121 422 1158 promtu
447 1125 515 1144 non
542 1121 645 1151 essct,
676 1120 837 1155 utrosque
871 1110 1161 1144 indiscriminatim
1187 1111 1361 1155 Theophi-

223 1177 295 1208 lum
320 1174 508 1215 ‹livexasse3
541 1174 751 1217 eandemque
778 1174 822 1205 ob
848 1187 995 1205 caussam
1020 1183 1182 1218 utrosque
1208 1173 1359 1206 indiscri-

221 1237 376 1270 minatim
400 1236 568 1268 Joannem
595 1235 875 1281 Chrysustomum
901 1235 1043 1267 fovisse:
1074 1235 1151 1268 hinc.
1176 1235 1360 1268 nonnullos

224 1301 350 1332 sactum
375 1297 564 1341 Theophili
589 1298 828 1330 Heterodoxos
860 1296 1052 1329 insectantis
1077 1298 1256 1341 probasse;
1287 1297 1360 1329 aliis

224 1362 448 1395 orthodoxos
473 1360 560 1391 male
586 1359 703 1392 haberi
729 1359 888 1391 doluisse.
937 1358 1168 1402 Theophilum
1186 1367 1360 1402 praeterea

222 1423 351 1469 judicio
378 1421 479 1454 fuisse
503 1420 700 1466 praecipiti,
733 1430 766 1452 et
789 1420 892 1453 animi
923 1421 1104 1453 affectibus
1128 1420 1272 1453 nimium
1298 1421 1359 1452 ob·

222 1495 426 1530 temperasse
449 1482 476 1516 si
494 1495 661 1524 negarem,
687 1482 886 1515 reclamaret
910 1482 1183 1528 Chrysostomus,
1208 1481 1243 1515 in
1259 1495 1359 1527 quem

222 1549 429 1591 impotenter
453 1544 631 1585 desaeviit;
654 1544 854 1576 reclamaret
880 1553 911 1576 et
933 1543 1058 1576 Paulus
1083 1544 1142 1576 ille
1167 1544 1360 1589 episcopus,

221 1622 322 1654 quem
355 1616 434 1652 post
457 1607 607 1649 flagella,
640 1618 828 1646 carcerem,
868 1616 899 1638 et
924 1605 1079 1646 metalla,
1109 1618 1127 1638 a
1151 1605 1360 1651 Theophilo,

220 1682 287 1702 uon
319 1678 461 1713 propter
493 1667 762 1710 Origehismmn,
797 1668 856 1700 sed
888 1667 968 1700 alias
1000 1668 1044 1700 ob
1071 1680 1199 1700 caussas
1225 1681 1263 1701 ex
1289 1671 1356 1702 Ae-

221 1740 325 1777 gypto
355 1729 566 1763 eliminatum
597 1730 826 1776 Hieronymus
858 1739 1093 1784 transeuntem!
1110 1730 1261 1775 hospitio
1286 1743 1355 1763 sus-

220 1792 328 1838 cepit,
368 1802 401 1825 et
431 1801 468 1825 ut
498 1805 561 1836 per
584 1791 762 1836 imperiale
786 1791 949 1835 seriptum
976 1790 1228 1831 restitueretur,
1261 1792 1355 1824 labo-

218 1855 314 1888 ravit.
362 1853 505 1887 Privatis
536 1853 680 1898 proinde
714 1853 836 1886 caussis
867 1853 909 1885 ad
934 1853 1122 1897 carpendos
1147 1852 1355 1895 Origenistas

218 1916 402 1948 adductum
436 1914 537 1948 fuisse
571 1915 642 1948 veri
673 1915 756 1948 mihi
788 1914 921 1947 videtur
945 1927 1110 1959 perquam
1131 1914 1355 1956 simillimum,

220 1987 252 2010 et
279 1977 445 2010 vindictae
470 1990 548 2010 suae
564 1977 816 2019 origenismum
835 1977 980 2009 subdole
1005 1976 1249 2020 praetexuisse;
1271 1976 1354 2024 Epi-

218 2039 379 2083 phanium
405 2051 485 2070 vero
513 2048 543 2071 et
570 2039 838 2085 Hieronymum,
864 2051 935 2070 rem
961 2037 1067 2082 ipsam
1093 2038 1255 2071 ecclesiae
1279 2053 1356 2084 per-

216 2101 349 2142 utilem,
375 2100 580 2143 Origcnismi
604 2100 730 2132 scilicet
759 2099 1034 2144 exstirpationem
1059 2097 1354 2144 spectassescaus-

217 2175 268 2194 sas
293 2162 380 2207 ipsas
404 2162 542 2206 insuper
566 2161 729 2194 habuisse.
780 2160 1013 2206 Quaecunque
1047 2171 1138 2194 certe
1163 2174 1216 2194 res
1240 2162 1353 2195 Theo-

217 2224 349 2268 philum
375 2223 561 2269 impulerit,
587 2232 717 2256 constat
750 2222 921 2264 legitimae
951 2223 1073 2270 synodi
1105 2224 1248 2256 decretis
1274 2224 1351 2257 Ori-

221 2286 424 2327 genistarum
457 2299 588 2319 errores
619 2285 719 2319 fuisse
752 2285 926 2329 rescissos,
959 2298 995 2317 ac
1028 2297 1096 2317 non
1127 2294 1256 2318 tantum
1282 2286 1353 2318 sor-
