1413 2482
180 108 225 143 (38
501 108 615 142 Pssrm
637 107 814 141 DANJtus
840 109 972 143 lluss‘rn

178 198 304 244 ptyeha
344 198 502 238 nomino,
541 199 679 244 reliquis
710 199 923 244 praesulibus
964 200 1053 233 idem
1090 211 1126 234 ut
1159 203 1322 243 facerem,

179 261 335 306 exemplo
364 261 437 293 fuit.
487 261 583 293 Adeo
615 271 652 293 ut
685 261 823 305 publice
855 261 922 294 coli
955 262 1079 296 deinde
1112 274 1255 309 coeptus
1279 266 1322 299 sit

179 323 453 369 chrysostomus,
479 332 511 355 et
535 336 652 364 magna
679 323 816 355 demum
841 337 970 369 pompa
990 338 1027 358 ac
1048 327 1211 360 comitatu
1230 327 1323 361 Con-

178 385 425 429 stantinopolin
458 385 617 430 reliquias
651 384 755 430 ipsius
781 385 943 419 Comanis
971 387 1144 420 devexerit
1167 388 1324 430 Procius,

178 447 314 479 antistes
340 446 751 492 Constantinopolitanus.
813 447 878 480 Hic
903 447 1010 492 porro
1035 449 1158 483 frustra
1182 451 1324 484 miratur

180 510 355 549 Socrates,
388 510 469 554 quid
495 510 554 549 sit,
587 522 647 542 cur
678 519 732 542 tut
756 519 833 554 post
859 510 991 543 obitum
1017 511 1112 544 annis
1140 511 1325 554 origenem

179 573 220 604 ab
246 571 409 605 ecclesiae
435 572 676 605 communione
697 581 906 614 segregatum
921 572 1194 617 pronuntiaverit
1209 573 1325 606 Theo-

179 634 311 679 philus,
341 635 508 667 Joannem
541 646 622 666 vero
648 633 822 675 trigesimo
854 635 972 680 quinto
998 648 1016 668 a
1040 645 1151 669 morte
1176 648 1265 668 anno
1290 635 1325 668 iu

180 697 321 729 eandem
354 697 497 730 Procius
533 705 709 740 receptum
746 696 912 738 voluerit:
949 710 1026 730 nam
1057 697 1136 730 licet
1169 696 1325 739 Origenis

179 758 296 804 potius
322 759 487 800 doctrina,
512 772 614 804 quam
638 771 763 790 nomen
789 759 924 792 fuerita
945 759 1144 805 Theophilo
1163 759 1325 792 damnan-

179 821 272 861 dum,
296 821 518 855 nihilominus
542 831 671 860 tamen,
702 830 740 852 ut
771 828 855 864 pote
887 821 1035 854 nefariae
1069 820 1244 854 doctrinae
1269 834 1327 854 au·-

181 893 255 916 ctor
285 884 449 926 Origenes
475 897 649 916 censuram
675 883 822 928 aliquam
849 892 881 915 et
902 884 1204 928 reprehensionem
1231 895 1326 916 com-

179 945 322 987 meruit;
347 959 424 978 cum
456 945 583 978 nullius
615 958 632 977 e
666 944 836 977 contrario
872 947 996 978 erroris
1032 945 1142 978 affinis
1179 945 1325 991 Chryso·

180 1018 321 1047 stomu5‚
346 1021 408 1052 per
433 1020 604 1041 summum
629 1006 738 1038 scelus
764 1006 805 1038 ab
832 1007 974 1040 ecclesia
999 1007 1224 1052 proscriptus,
1250 1006 1323 1052 jure

179 1070 215 1102 in
241 1083 313 1103 eam
339 1070 484 1103 subinde
509 1078 666 1114 receptus
691 1068 746 1100 sit.
793 1069 868 1101 Jam
895 1079 970 1101 ame
997 1070 1076 1101 haec
1101 1078 1259 1114 tempora
1284 1069 1323 1101 ii-

178 1133 278 1164 brum
305 1133 346 1164 de
372 1131 619 1165 resurrectione
646 1131 802 1162 adversus
824 1132 1008 1173 Origenem
1025 1130 1203 1175 scripserat
1221 1131 1325 1163 Ham-

179 1207 260 1227 mon
294 1192 662 1238 Hadrianopolitanus,
702 1201 740 1224 ut
771 1205 789 1224 a
826 1192 976 1225 Maximo
1008 1192 1170 1225 traditum
1207 1202 1256 1226 est
1282 1192 1323 1224 «in

179 1257 319 1289 scholiis
344 1257 386 1289 ad
411 1254 616 1301 Dionysium
641 1254 683 1286 de
709 1255 851 1287 coelesti
878 1254 1086 1294 Hierarchia‚
1112 1267 1183 1300 cap.
1199 1255 1228 1289 7.
1268 1254 1323 1287 De

180 1319 252 1365 ejus
275 1328 384 1351 aetate
407 1331 512 1350 unum
545 1317 653 1349 habeo
687 1317 780 1361 quod
812 1317 940 1356 dicam,
973 1316 1194 1349 vetustiorem
1220 1316 1323 1350 fuisse

179 1381 291 1425 ipsum
318 1379 471 1426 cyrillo,
498 1391 515 1411 a
547 1391 616 1423 quo
643 1377 676 1410 in
702 1378 937 1411 testimonium
963 1378 1089 1411 alicubi
1116 1378 1234 1411 citatus
1261 1388 1320 1411 est.

271 1443 395 1475 XXIV.
444 1440 616 1473 Restituto
643 1439 677 1471 in
704 1440 877 1484 pristinam
911 1441 1034 1472 famam
1062 1440 1322 1486 chrysostomo,

180 1517 298 1547 magna
323 1514 434 1536 tamen
461 1515 500 1535 ex
526 1502 575 1534 his
602 1501 911 1535 conflictationibus
944 1502 1152 1552 Origeniano
1186 1502 1319 1536 nomini

179 1566 364 1609 ignominia
389 1565 483 1598 illata
508 1574 573 1604 est,
599 1574 637 1596 ut
662 1565 733 1595 sere
759 1563 824 1608 jam
852 1564 953 1606 vulgo
978 1577 1042 1609 pro
1067 1564 1238 1598 haeretico
1264 1565 1321 1598 ha-

177 1631 325 1662 beretur.
376 1628 601 1672 Quapropter
625 1626 854 1672 Hieronymus
873 1626 1131 1660 Demetriadem
1157 1626 1320 1668 virginem

179 1691 369 1735 praeceptis
395 1690 690 1722 instituens'anno
716 1687 792 1722 413.
823 1698 919 1720 caute
952 1698 1090 1729 monet,
1120 1699 1159 1722 ut
1189 1689 1254 1722 sibi
1278 1690 1320 1722 ab

179 1751 447 1793 origenistarum
474 1754 643 1784 fermento
671 1760 795 1783 caveat.
852 1752 937 1783 Nam
964 1764 1040 1783 cum
1066 1751 1319 1794 Origenismum

178 1815 219 1846 ab
250 1814 422 1846 Anastasio
450 1814 633 1857 protritum
660 1813 815 1852 dixisset,
848 1813 960 1845 addit:
998 1814 1060 1846 »Et
1085 1813 1161 1858 quia
1186 1826 1318 1853 vereor,

177 1876 247 1908 imo
274 1888 409 1907 rumore
437 1875 598 1917 cognovi,
623 1876 655 1907 in
683 1875 885 1919 quibusdam
913 1875 1021 1907 adhuc
1047 1875 1159 1925 ⁵vivere
1183 1885 1216 1907 et
1240 1875 1318 1920 pul-

178 1936 284 1970 lulare
317 1946 478 1969 venenata
516 1936 700 1980 plantaria,
740 1935 828 1968 illud
858 1945 892 1968 te
926 1936 984 1981 pio
1018 1936 1164 1969 caritatis
1188 1937 1316 1969 affectu

175 1999 465 2043 praemonendam
491 2008 588 2042 pum,
607 2008 643 2029 ut
661 1998 766 2030 sancti
793 1998 996 2037 lnnocenfii,
1021 1998 1079 2042 qui
1095 1999 1315 2043 Apostolicae

176 2061 365 2098 cathedrae,
390 2070 422 2091 et
447 2060 632 2103 supradicti
658 2060 719 2091 viri
744 2072 916 2092 successor
941 2069 973 2091 et
998 2060 1089 2092 filius
1115 2070 1174 2101 est,
1200 2070 1314 2094 teneas

174 2123 316 2156 fidem.«
366 2122 551 2165 Postquam
585 2134 665 2153 vero
692 2122 878 2153 animarum
903 2119 1154 2167 προῦπαρξιν,
1189 2130 1236 2155 et‘
1255 2123 1313 2155 ad-

175 2185 274 2217 missa
309 2184 351 2216 ab
389 2182 429 2215 iis
461 2192 537 2216 ante
569 2183 670 2215 vitam
704 2192 862 2227 peccata,
896 2184 989 2216 veIut
1019 2184 1196 2217 haereseos
1220 2185 1314 2216 illius

174 2243 472 2277 characteristicon
496 2244 643 2278 notavit:
673 2244 786 2277 »Haec
804 2245 921 2289 impia,
946 2245 1066 2290 inquit,
1092 2254 1126 2278 et
1148 2246 1310 2278 scelerata

173 2307 328 2339 doctrina
352 2305 436 2338 olim
462 2306 495 2339 in
520 2309 694 2353 Aegypto,
730 2316 760 2339 et
794 2306 944 2340 Orientis
975 2307 1128 2353 partibus
1154 2307 1306 2340 versaba-
