1413 2482
205 96 273 133 274
474 95 516 130 IN
540 96 704 130 Anonos.
735 95 870 130 Saucri
893 95 1074 130 inmu
1112 134 1115 138 ἢ

205 186 448 221 adversantur?
495 186 582 230 Quis
606 186 670 220 sibi
695 187 896 232 persuadeat
921 199 1011 229 eum,
1039 187 1122 220 dum
1145 182 1343 231 praeclaris-

201 250 286 285 sima
320 250 379 282 illa
415 248 571 292 Origenis
602 249 800 283 testimonia
832 258 1046 295 excerperet,
1079 248 1171 281 unde
1200 246 1344 281 Arianus

203 326 300 348 error
323 311 532 352 confoditur,
557 311 679 346 Ariana
712 311 792 358 ipsis
824 312 1016 347 infersisse?
1050 311 1107 345 IV.
1135 309 1262 344 Invicte
1286 309 1345 343 de-

202 384 369 409 monstrat
393 374 609 409 doctissimus
624 384 740 409 noster
757 375 916 409 dominus
929 373 1135 409 Prudentius
1156 372 1299 407 Man-and
1313 372 1344 417 ¹)

202 438 238 471 in
261 451 323 472 suo
350 437 393 471 de
417 437 606 472 Divinitate
633 438 758 473 Christi
784 439 843 472 lib.
866 439 925 472 lv.
954 451 1027 484 cap.
1049 436 1103 473 14.
1129 436 1183 472 15.
1209 434 1281 475 16„
1314 444 1346 468 et

202 500 286 534 alibi
309 500 447 547 passim,
472 500 616 535 Arianae
640 501 771 535 haeresi
794 501 987 535 nullatenus
1011 501 1126 535 favere
1151 497 1346 541 origenem,

202 564 263 598 sed
297 577 316 598 e
349 563 521 598 contrario
561 563 767 610 scriptorem
800 564 1034 606 Catholicum,
1075 562 1346 607 acerrimumque

202 626 289 661 sacri
320 627 363 661 de
396 627 565 661 Trinitate
598 628 764 671 dogmatis
798 629 1015 662 defensorem
1051 625 1171 661 haberi
1203 626 1346 667 debere3

204 699 238 724 et
263 703 349 736 quae
376 689 604 736 objiciuntur,
640 701 698 725 aut
721 691 800 725 ficta
817 705 912 734 csse,
949 701 983 725 et
1007 692 1049 725 ab
1073 703 1114 724 eo
1139 690 1266 731 aliena,
1290 697 1347 723 aut

202 753 327 799 partim
351 752 654 798 praeclarissimam
677 754 802 800 habere
827 754 1047 796 sententiam,
1078 754 1106 788 si
1130 763 1223 788 recte
1246 751 1349 786 inter-

202 815 358 861 preteris,
383 815 507 861 partim
532 829 601 850 non
627 816 894 859 incommodam,
919 818 947 851 si
972 831 1050 851 cum
1066 817 1141 851 aliis
1159 816 1229 864 ejus
1254 814 1348 861 prin-

203 878 301 925 cipiis
326 888 405 924 apte
431 878 600 912 concilies.
651 879 842 924 Quomodo
877 880 980 923 igitur
1002 880 1169 914 Eusebius
1193 879 1228 912 in
1252 890 1349 924 prac-

202 941 412 975 stantissimis
437 941 507 974 illis
532 942 755 983 contexfibus,
781 943 903 989 quibus
925 943 1081 987 Origenis
1097 942 1288 976 doctrinam
1305 941 1347 974 ab

202 1005 328 1038 Ariana
354 1004 431 1038 labe
455 1004 614 1047 vindicat,
639 1007 829 1050 approbare
846 1005 1014 1052 potuisset
1031 1006 1143 1052 ipsum
1160 1005 1344 1047 Origenem

201 1067 306 1101 fuisse
331 1066 522 1101 Arianum?
547 1066 641 1110 Quas
664 1067 890 1112 blasphemias
915 1068 1120 1110 infersisset‚
1143 1067 1172 1101 si
1194 1066 1280 1100 nihil
1303 1065 1348 1099 sit

201 1128 238 1162 in
263 1129 423 1172 Origene,
450 1129 545 1174 quod
568 1130 611 1163 ad
634 1129 787 1164 haeresin
802 1132 963 1164 Ari-'mam
980 1130 1069 1164 trahi
1084 1129 1208 1164 merito
1222 1127 1349 1175 queat?

204 1193 368 1227 Ceterum
393 1193 484 1233 dato,
509 1205 579 1225 non
603 1202 717 1227 autem
743 1207 916 1236 concesso,
942 1193 1210 1239 Apologeticum
1232 1191 1348 1225 Libel-

203 1258 275 1291 lum
300 1258 363 1290 sub
387 1254 526 1289 nomine
550 1254 723 1301 Pamphili
748 1268 766 1289 a
790 1257 917 1291 Rufino
949 1257 1097 1298 editum,
1128 1256 1257 1290 Ariano
1290 1266 1350 1287 ve-

202 1340 292 1364 neno
317 1323 352 1357 in
377 1328 471 1356 textu
496 1322 630 1356 Graeco
659 1318 826 1353 infectum
850 1320 973 1361 fuisse,
1002 1319 1171 1365 numquid
1194 1318 1273 1351 inde
1297 1329 1349 1351 se-

204 1403 367 1440 queretur
390 1400 460 1425 non
484 1393 587 1428 fuisse
611 1385 766 1431 martyris
791 1383 988 1428 Pamphili?
1011 1382 1157 1416 Rlinime
1182 1380 1348 1421 omnium,

202 1458 258 1491 vel
283 1459 434 1503 ipsomet
458 1456 671 1501 Hieronymo
697 1447 820 1496 judice.
872 1447 962 1481 »Sed
980 1446 1206 1480 concedamus
1231 1455 1271 1476 ex
1295 1455 1349 1476 su·

202 1521 356 1566 perfluo,
389 1521 501 1567 inquit
534 1516 630 1563 epist.
655 1513 711 1548 65.
744 1511 786 1543 ad
817 1509 1076 1544 pammachium
1101 1517 1135 1542 et
1159 1507 1347 1545 Oceanum,

201 1592 239 1615 ut
262 1583 437 1629 Pamphili
462 1583 525 1625 sit3
558 1580 618 1613 sed
649 1575 796 1610 necdum
822 1574 990 1620 martyri&
1038 1574 1127 1606 Ante
1152 1569 1244 1604 enim
1267 1567 1348 1603 scri-

201 1645 270 1690 psit
296 1659 398 1691 quam
424 1643 625 1691 martyrium
642 1646 888 1686 perpeteretur.
920 1636 965 1669 Et
989 1634 1179 1681 quomodo,
1203 1630 1346 1676 inquies,

201 1709 365 1754 martyrio
394 1709 512 1751 dignus
536 1705 625 1740 suit?
668 1703 807 1738 Scilicet
839 1709 876 1733 ut
905 1697 1067 1744 martyrio
1099 1695 1230 1730 deleret
1256 1706 1349 1727 erro-

202 1783 292 1810 rem,
328 1780 365 1803 ut
395 1784 498 1804 unam
530 1769 666 1813 culpam
697 1764 865 1808 sanguinis
895 1762 947 1795 sui
980 1759 1147 1794 effusione
1179 1766 1346 1803 purgaret.

203 1832 335 1876 Quanti
369 1832 402 1865 in
437 1833 520 1865 orbe
551 1839 734 1878 martyreS,
766 1836 944 1871 antequam
972 1823 1213 1862 caederentur,
1251 1819 1347 1853 variis

201 1894 402 1940 subjacuere
436 1893 630 1940 peccatis!«
681 1890 815 1935 Quibus
855 1886 967 1921 verbis
1002 1895 1162 1930 tanquam
1198 1882 1346 1924 suffugio

200 1957 309 1990 utitur
332 1956 580 2003 Hieronymus,
620 1964 658 1987 ut
688 1953 715 1986 si
747 1953 859 1985 minus
883 1951 987 1983 fidem
1013 1949 1205 1992 famamque
1229 1943 1346 1979 Rufini

203 2020 363 2060 clevaret,
387 2019 505 2052 saltem
530 2015 703 2062 Pamphili
735 2013 907 2059 martyris,
948 2023 1050 2057 quem
1082 2009 1180 2056 hujus
1213 2007 1347 2054 Apolo-

203 2082 273 2125 giae
299 2090 473 2114 auctorem
505 2093 575 2114 non
604 2078 744 2112 omnino
778 2077 918 2110 diffiteri
950 2075 1071 2113 audet,
1109 2069 1346 2105 auctoritatem

201 2144 382 2178 minueret.
430 2143 500 2177 Sed
532 2155 574 2175 eo
606 2140 772 2174 infirmius
797 2139 868 2199 ejus
894 2147 944 2171 est
971 2143 1225 2179 argumentum,
1250 2131 1344 2177 quod

201 2216 372 2240 tormenta
411 2204 560 2251 plurima
595 2204 688 2250 prius
727 2215 843 2249 passus
875 2209 962 2234 essct
985 2197 1202 2244 Pamphilus,
1243 2207 1344 2240 quam

297 2331 329 2376 ¹)
358 2329 444 2365 Yide
468 2339 563 2364 notas
588 2330 622 2364 in
649 2328 845 2372 Origcn'mu.
869 2326 929 2363 lib.
950 2324 992 2359 ll.
1017 2335 1089 2368 cap.
1106 2321 1138 2357 2.
1164 2327 1291 2367 quaest.
1308 2317 1344 2353 2.
