1413 2482
212 89 279 125 320
550 91 586 127 S.
611 91 787 124 Parmam
811 92 1002 127 Mauritius

211 181 252 213 ab
278 180 345 219 his,
369 180 426 225 qui
451 192 662 225 nequaquam
688 181 810 214 ostium
828 183 858 226 ¹)
885 183 936 215 ori
958 195 1039 223 suo,
1070 192 1104 215 et
1128 183 1270 216 claustra
1295 184 1343 215 ta-

210 242 275 276 biis
298 242 365 275 suis
389 241 565 287 imponere
590 256 607 275 a
632 243 798 288 propbeta
827 242 1026 276 didicerunt.
1081 243 1178 288 Quae
1208 244 1345 289 quidem

213 317 282 336 non
309 304 342 336 in
367 304 506 348 publico
531 306 619 349 ab2)
644 318 684 337 eo
711 305 800 337 dicta
824 314 919 345 sunt,
948 305 983 338 id
1015 315 1080 345 est,
1114 306 1148 338 in
1173 305 1345 338 communi

215 366 376 399 ecclesiae
406 366 595 407 auditorio,
633 380 675 400 ne
712 367 801 399 forte
833 376 973 412 putetur
1002 377 1145 412 propter
1173 368 1345 400 audientes

211 428 434 460 favorabilem
457 438 586 473 aptasse
609 442 817 462 sermonem:
841 430 900 462 sed
921 443 959 462 ex
981 429 1047 462 illis
1063 429 1144 463 haec
1161 429 1254 462 libris
1269 441 1348 474 pro-

212 490 370 530 tulimus,
398 504 482 535 quos
507 491 540 523 in
564 501 695 524 secreto
721 492 811 536 apud
834 501 941 524 semet
964 491 1075 536 ipsum
1098 492 1195 525 nullu
1220 490 1347 524 arbit-ro

211 552 441 585 intercedente
473 553 628 586 dictabat.
677 554 713 586 ln
752 567 820 598 quo
857 553 1015 586 attentius
1050 567 1110 587 vos
1148 553 1236 586 illud
1266 552 1347 585 volo

214 614 426 647 considerare
451 616 542 660 quod
568 614 667 655 dixit,
700 615 778 660 quia
807 615 835 648 si
859 615 932 660 quis
957 616 1078 648 horum
1103 615 1231 660 aliquid
1256 627 1350 648 com-

212 677 403 716 mutaverit,
428 677 613 710 haereticus
638 687 703 717 est,
735 687 768 710 et
799 679 921 722 'peccat
952 677 986 710 in
1015 677 1231 710 subversione
1256 675 1349 722 posi-

214 748 285 779 tus,
311 748 344 771 et
370 739 454 784 ›1:13)
485 748 592 771 semet
624 739 698 784 ipso
732 740 937 779 damnatus,«
970 740 1156 772 secundum
1188 737 1348 784 Apostoli

212 801 427 833 sententiam:
459 800 552 847 cujus
583 811 616 834 et
650 814 712 834 nos
743 801 953 834 auctoritati*
975 802 1198 846 obsequentes
1230 801 1347 833 eadem

212 863 336 895 sentire
361 864 534 897 debemus.
581 863 668 897 Cum
701 876 779 905 ergo
811 863 891 896 haec
915 863 960 896 ita
982 876 1017 896 se
1041 863 1204 903 habeant,
1230 875 1347 896 conse-

213 939 317 970 quens
331 926 363 970 4)
387 925 534 958 arbitror
557 925 762 967 interrogare
794 925 876 958 istos
906 925 998 970 ipsos
1029 934 1239 958 accusatores
1265 924 1347 970 ejus,

213 988 241 1020 si
265 987 330 1032 ipsi
354 987 498 1031 alnei-⁵)
523 1000 622 1032 quarn
647 987 716 1033 ejus
741 988 881 1020 vocibus
906 987 1115 1030 designatum
1141 997 1200 1027 est,
1223 987 1278 1020 vel
1304 987 1346 1019 de

213 1050 383 1082 haeretico
407 1048 572 1087 sentiunt,
605 1049 657 1081 vel
689 1050 731 1081 de
764 1049 952 1083 Catholico.
1000 1049 1128 1081 Dicant
1151 1048 1236 1094 ipsi,
1261 1062 1346 1094 quae

212 1111 278 1144 alia
308 1120 385 1144 sunt
417 1110 639 1143 ecclesiastica
670 1111 843 1152 (logmata,
873 1110 900 1143 si
932 1111 1013 1143 haec
1042 1123 1112 1143 non
1136 1120 1230 1151 sunt,
1261 1124 1345 1156 quae

211 1173 366 1218 superius
391 1174 432 1205 ab
457 1173 518 1205 illo
545 1173 670 1215 digesta
693 1182 780 1206 sunt.
827 1173 916 1217 Et⁶)
942 1172 1024 1205 haec
1049 1173 1186 1218 quidem
1212 1186 1347 1216 genera-

213 1237 291 1268 liter
323 1236 364 1268 de
395 1236 551 1268 omnibus
583 1235 815 1268 ecclesiasticis
852 1234 1065 1277 dogmatibus
1095 1236 1137 1268 ab
1163 1235 1225 1268 illo
1257 1235 1347 1268 dicta

211 1299 286 1332 sint.
302 1299 334 1342 ⁷)

303 1361 484 1403 Pergamus
517 1370 628 1393 autem
661 1370 694 1393 et
725 1373 807 1405 quae
839 1359 1029 1404 specialiter
1060 1359 1101 1391 de
1125 1359 1280 1402 singulis,
1311 1369 1345 1392 et

213 1423 356 1457 maxime
382 1424 423 1455 de
448 1422 692 1468 principa-libus
717 1423 827 1461 rebus,
852 1422 894 1454 de
917 1430 1030 1454 sancta
1050 1433 1088 1453 ac
1111 1421 1209 1454 beata
1233 1421 1345 1454 Trini-

213 1497 292 1527 tate,
315 1486 348 1518 id
375 1494 434 1525 est,
459 1485 500 1517 de
524 1485 642 1523 Patre,
665 1493 698 1516 et
721 1483 831 1522 Filio,
858 1492 889 1515 et
914 1483 1044 1528 Spiritu
1066 1492 1181 1516 sancto
1205 1483 1345 1516 senserit

212 1549 407 1586 indicantes,
433 1557 464 1579 et
489 1548 700 1591 proferentes
725 1546 759 1584 in
783 1545 932 1577 medium
957 1558 1013 1586 ea,
1038 1558 1123 1590 quae
1148 1545 1181 1577 in
1206 1545 1344 1578 diversis

212 1611 262 1643 sui
287 1609 399 1654 operis
426 1608 653 1641 voluminibus
678 1608 798 1640 inserta
822 1607 1003 1647 mandavit,
1028 1617 1062 1640 et
1085 1617 1124 1639 ut
1147 1606 1251 1651 ipsius
1269 1619 1344 1640 sen-

211 1672 313 1704 tentia
340 1673 381 1704 de
406 1670 557 1703 maximis
584 1680 617 1703 et
642 1669 760 1702 divinis
785 1670 883 1702 rebus
908 1682 992 1714 quae
1018 1668 1119 1700 fuerit
1135 1669 1342 1708 ostendatur,

212 1744 243 1767 et
269 1735 400 1766 duobus
425 1734 478 1765 vel
504 1733 610 1765 tribus
635 1745 756 1764 vocum
781 1745 915 1764 suarum
941 1730 1079 1763 testibus
1101 1739 1166 1763 stet
1179 1731 1213 1775 Β)
1240 1743 1340 1763 omne

308 1847 338 1889 ¹)
364 1845 434 1878 Csr.
461 1845 583 1877 Psatm.
611 1843 727 1882 CXLI,
752 1843 782 1877 3.
808 1843 946 1886 (CXL.)

301 1904 335 1945 ²)
361 1902 448 1934 Edd.
474 1901 521 1933 M.
543 1902 639 1933 dicta
663 1906 741 1932 suut
765 1899 807 1932 ab
832 1912 877 1932 eo.

302 1960 336 2001 ³)
362 1958 430 1990 Tit.
456 1957 514 1995 ΙΙΙ,
542 1957 594 1989 11.

302 2015 336 2059 ⁴)
363 2014 417 2048 Sic
442 2014 523 2046 Mss.
548 2011 640 2045 Editi
666 2025 744 2044 vero
772 2012 816 2056 (e.
837 2024 863 2046 c.
884 2011 957 2043 edd.
983 2011 1046 2055 M.)
1071 2012 1280 2045 conveniens.
1298 2010 1338 2043 R.

303 2073 336 2115 ³³)
360 2071 445 2103 lidd.
472 2070 520 2102 M.
552 2070 654 2102 aliter
685 2080 725 2101 ea
749 2081 849 2112 quam
874 2072 946 2111 rjus
971 2068 1181 2111 designatum
1203 2067 1339 2100 vocibus

209 2126 268 2157 est,
294 2119 344 2152 rel
369 2126 430 2149 etc.

301 2176 334 2217 ὓ)
360 2174 446 2206 lidd.
472 2172 519 2204 M.
545 2172 590 2203 Et
614 2171 745 2214 quidem
766 2171 975 2213 yeneraliter
999 2170 1081 2202 llaec
1104 2170 1144 2201 de
1168 2176 1230 2200 etc.

302 2229 334 2271 7)
361 2229 446 2261 ΕιΙιΙ.
474 2228 522 2260 Μ.
547 2234 635 2260 sunl.

301 2288 334 2325 ⁷⁵)
361 2285 415 2316 Sic
442 2298 557 2315 omnes
583 2283 661 2316 Mss.
711 2282 800 2315 Issditi
827 2284 871 2326 (v,
900 2297 924 2315 c.
951 2282 1024 2315 cdd.
1051 2281 1117 2326 M.)
1140 2282 1212 2323 filli.
1237 2280 1276 2312 R.
1297 2299 1336 2304 ——

211 2332 278 2363 Ch:
308 2331 422 2362 Manli.
449 2330 573 2369 XVlll,
600 2330 648 2363 16.
