1413 2482
220 75 285 110 3o4
563 74 596 107 S.
624 74 797 108 Pampmu
824 75 1011 109 MAners

222 164 395 210 judices')
425 177 488 209 pro
521 164 682 197 defuncto
714 164 835 197 fortius
867 174 900 197 ct
935 164 1064 197 firmius
1096 165 1205 199 valere
1238 167 1349 205 debet,

223 240 321 272 quam
348 235 380 258 et
404 225 530 265 literae,
556 235 589 258 et
612 226 735 271 scripta
761 225 936 259 defuncti?

311 286 512 332 Incipientes
527 287 627 329 igitur
653 287 785 320 indiciis
806 287 1008 332 scriptorum
1028 300 1168 322 suorum
1179 290 1215 334 ²)
1239 298 1350 322 osten-

221 351 300 382 ‹lere
325 349 407 394 quid
431 349 472 382 de
497 349 634 392 singulis
658 350 814 389 senserit,
846 362 883 382 ex
908 350 958 382 his
981 351 1162 396 praecipue
1186 350 1280 384 libris
1304 360 1351 383 te-

219 411 376 445 stimonia
412 411 704 453 congregabimus,
743 411 874 457 qu033)
910 421 1119 445 accusatores
1151 411 1221 458 ejus
1252 423 1351 457 quam

221 473 363 506 maxime
389 472 617 513 criminamur,
641 474 676 506 id
701 483 759 514 est,
785 487 869 519 quos
892 487 955 519 per
976 474 1124 519 spatium
1149 483 1182 507 et
1205 473 1352 519 quietem

222 536 255 569 in
279 545 410 569 secreto
436 535 650 580 conscripsit:
675 536 736 568 hos
761 535 849 568 enim
876 545 1025 569 asserunt
1049 536 1192 568 maxime
1216 548 1235 568 a
1258 547 1355 580 prae-

223 598 392 632 dicatione
418 597 640 631 ecclesiastica
666 598 873 642 discrepare:
905 611 943 631 ex
967 598 1017 631 his
1041 597 1222 642 praecipue
1246 596 1353 636 libris,

222 673 306 706 quos
337 661 421 705 περὶ
455 659 578 705 ἀρχῶν
608 659 808 701 attitulavit,
843 659 878 692 in
913 659 1034 704 quibus
1064 658 1312 704 quamplurima
1335 671 1354 691 a

223 721 522 756 calumniatoribus
546 721 748 756 incusantur.
785 722 823 754 In
846 721 894 754 his
914 734 992 764 ergo
1009 721 1089 767 ipsis
1101 721 1135 767 ⁴)
1160 721 1248 754 inter
1261 720 1354 766 prin-

224 785 310 830 cipia
335 783 426 829 quali
450 783 660 828 expositione
684 775 864 816 fidei'usus
887 783 925 816 fit
941 784 1175 828 proferemus:
1198 792 1271 815 tum
1296 782 1354 815 de-

221 847 300 880 inde
314 847 347 892 ⁵)
375 855 408 878 et
432 858 469 878 ex
494 845 555 885 his,
581 859 666 890 quae
689 845 828 891 sparsim
854 846 906 877 vel
930 858 992 890 per
1021 845 1114 890 ipsos
1146 844 1268 884 libros,
1299 844 1354 876 vel

224 917 354 940 ceteros
377 907 497 947 sensit,
531 907 769 949 assignabimus
800 920 876 940 eum
901 907 1187 952 praedicationem
1201 907 1234 952 ⁶)
1260 910 1350 952 Apo-

222 969 375 1002 stolicam
401 969 595 1002 custodisse.
641 970 702 1002 Est
726 982 804 1012 ergo
833 970 935 1003 lectio
962 982 999 1002 ex
1020 969 1132 1014 primo
1156 970 1243 1003 libro
1269 972 1353 1015 περὶ

225 1032 358 1077 ἀρχῶν,
383 1045 480 1077 quam
507 1030 734 1076 promisimus,
757 1030 848 1063 haec.

573 1241 910 1283 CAPUT
977 1243 1005 1283 1.

417 1342 596 1384 catalogus
620 1342 862 1375 ecclesiasticae
886 1342 1158 1387 praedicationis.

316 1433 559 1468 ORIGENES.
609 1432 726 1472 ›JSicut
740 1433 771 1477 ⁷)
806 1432 914 1472 enim,
953 1433 1067 1466 multis
1091 1436 1180 1480 apud
1205 1435 1354 1469 Graecos

228 1506 260 1529 et
271 1496 436 1529 Barbaros
449 1494 690 1540 pollicentibus
701 1492 884 1532 veritatem,
899 1494 1080 1528 desivimus
1091 1496 1125 1542 ⁰)
1139 1499 1227 1543 apud
1238 1511 1354 1532 omnes

325 1603 354 1647 ¹)
378 1602 484 1634 Deest
500 1602 636 1644 judices
662 1600 695 1633 in
721 1584 795 1634 edd.
822 1601 868 1634 M.

320 1661 355 1703 2)
380 1658 467 1691 Edd.
491 1658 539 1691 M.
564 1661 648 1700 ejvs.

322 1716 356 1755 ³)
382 1715 463 1748 Mss.
488 1714 612 1747 nostri:
637 1726 724 1758 quae
743 1721 958 1748 accusatores
976 1718 1049 1758 ejus
1064 1735 1118 1759 —‚
1136 1718 1175 1749 id
1182 1724 1242 1760 est,
1268 1731 1354 1762 quae

226 1773 289 1806 per
312 1762 460 1805 spatium
483 1779 526 1784 -—
558 1761 782 1804 conscripsit.-
810 1761 893 1793 haec
915 1761 1003 1794 enim
1026 1769 1088 1793 etc.
1137 1762 1205 1795 Sed
1229 1764 1354 1797 rectius

229 1805 311 1839 editi
335 1806 382 1849 (v.
409 1817 436 1837 c.
462 1805 537 1837 edd.
562 1805 628 1848 M.)
652 1813 691 1836 ut
713 1804 747 1836 in
771 1813 871 1836 textu.
896 1805 935 1837 R.

322 1860 356 1904 4)
382 1859 567 1893 Merlinus:
591 1861 687 1904 ipsis,
713 1861 834 1904 quibus
858 1862 948 1893 inter
969 1864 1146 1907 principia
1166 1867 1266 1908 quasi
1288 1878 1352 1899 ez·-

223 1908 389 1952 positione
413 1914 474 1938 ete.

320 1963 353 2006 ⁵)
377 1961 463 1994 Edd.
490 1960 536 1993 M.
562 1962 650 1994 inde.

321 2018 355 2098 (ΣΙ)
379 2017 466 2050 Edd.
506 2017 555 2051 M.
592 2019 880 2061 praedicationem
917 2021 1123 2054 auctoritate
1158 2023 1356 2067 Apostolica

229 2071 320 2099 custo
344 2075 420 2097 zsse.

323 2120 356 2165 ⁷)
381 2119 543 2152 Desumta
575 2127 651 2150 sunt
681 2118 761 2151 haec
794 2121 892 2152 verba
920 2133 956 2153 ex
991 2121 1083 2164 Orig.
1119 2127 1201 2167 περὶ
1233 2124 1355 2169 ἀργῶν

232 2167 290 2199 lib.
319 2167 344 2199 l.
377 2177 466 2197 num.
501 2164 541 2196 ll.
575 2164 634 2197 lll.
668 2173 701 2196 et
734 2164 787 2196 lV.
823 2164 902 2198 -Csn
929 2167 980 2200 ed.
1003 2168 1256 2213 ,Redepenning
1280 2163 1352 2214 pag.

229 2211 282 2246 88.
307 2224 398 2255 seqq.
423 2209 502 2242 coll.
527 2209 579 2241 ed.
604 2218 706 2242 nostr.
731 2209 830 2243 Tom.
855 2212 950 2245 XXI.

325 2267 358 2309 ⁹⁴¹)
387 2267 435 2298 Ita
460 2266 540 2301 Mss.
563 2265 655 2298 Edit}
681 2279 758 2299 vero
785 2266 829 2310 (e.
848 2280 872 2300 c.
896 2268 970 2301 edd.
988 2268 1055 2313 M.)
1079 2271 1293 2304 desumimus
1312 2270 1351 2303 R.
