1413 2482
216 38 281 73 292
593 36 716 68 [turim
750 35 962 68 Pmermo.

215 127 270 162 Sic
296 127 383 160 enim
409 126 568 170 scriptum
593 134 660 158 est:
685 125 776 158 Haec
802 125 836 157 in
861 124 1105 170 Hierosolymis
1137 126 1169 159 in
1201 127 1339 160 ccclesia

215 189 270 222 dei
294 201 312 222 a
334 196 447 221 sancto
473 187 645 220 sacerdote
670 186 739 232 ejus
768 186 898 220 ,Ioanne
916 187 948 231 ¹)
978 186 1228 231 praedicamur:
1261 189 1341 222 haec

217 264 279 284 nos
303 262 378 282 cum
410 248 484 294 ipso
518 258 552 281 et
574 248 736 288 dicimus,
769 258 801 281 et
834 256 993 280 tenemus.
1041 247 1078 280 Si
1109 249 1181 294 quis
1210 261 1342 295 praeter

217 312 298 344 haec
323 310 378 342 vel
403 309 521 350 credit,
544 310 598 343 vel
622 311 740 350 docet,
766 309 818 341 vel
843 321 860 341 a
885 308 981 341 nobis
998 309 1094 342 aliter
1118 310 1220 350 credi,
1243 324 1341 357 quam

220 372 443 418 exposuimus,
468 381 574 416 putat,
597 371 772 404 anathema
795 371 846 405 sit.
894 372 1035 404 Nostrae
1067 383 1146 414 ergo
1179 371 1259 405 fidei
1281 373 1341 405 do-

221 443 412 467 cumentum
436 433 464 466 si
488 433 562 478 quis
583 434 705 466 habere
730 433 818 473 vult,
842 433 961 466 habeat
985 446 1022 465 ex
1047 433 1106 466 his.
1153 433 1233 477 Si2)
1262 433 1342 478 quid

220 506 330 529 autem
355 504 411 528 aut
435 495 586 537 legimus,
610 505 664 528 aut
689 494 784 540 hujus
808 503 940 527 nostrae
954 494 1032 527 fidei
1052 495 1191 528 facimus
1204 495 1344 536 ratione,

221 557 405 591 secundum
430 556 633 601 Apostolum
658 557 837 602 probantes
850 556 884 600 ³)
909 556 1032 596 omnia,
1057 556 1149 601 quod
1161 557 1194 600 ⁴)
1218 557 1344 589 bonum

223 629 272 653 est
295 620 501 659 obtinentes,
532 619 572 650 ab
604 617 697 650 omni
727 617 839 662 specie
864 618 952 650 mala
981 631 1043 652 nos
1058 619 1091 663 ⁵)
1124 617 1343 650 abstinentes:

224 682 322 726 »et⁶)
346 681 373 714 si
397 679 454 725 qui
477 680 561 712 hanc
583 679 732 722 regulam
762 689 963 723 sequuntur,
993 693 1055 725 pax
1086 692 1186 724 super
1210 679 1288 713 illos
1313 689 1344 712 et

222 757 322 788 super
344 742 444 776 lsrael
468 742 554 776 dei.«
607 741 730 775 Amen!

319 878 351 922 ¹)
375 878 407 910 Is
432 886 480 910 est
503 877 650 910 Joannes
673 875 999 922 Hierosolymitanus
1025 875 1221 920 episcopus,
1245 889 1344 921 quem

223 923 337 957 multis
361 922 516 964 Origenis
540 921 720 961 erroribus,
745 930 778 953 et
800 921 942 953 maxime
965 921 1006 953 de
1018 921 1260 954 resurreetione
1286 923 1346 954 im-

263 977 385 1002 1catum
409 980 479 1000 esse
501 968 646 1011 probare
679 975 818 998 conatur
847 975 965 998 unctus
997 966 1224 1012 Hieronymus
1248 967 1346 1012 epist.
1386 1005 1390 1009 ι

223 970 276 1050 gg.
301 1013 378 1046 alias
400 1012 454 1047 61.
480 1013 521 1044 ad
544 1010 805 1044 pammachium.
829 1010 870 1043 R.

315 1069 350 1114 2)
374 1068 431 1102 Sic
455 1079 571 1100 omnes
593 1066 675 1102 Mss.
721 1065 814 1098 Editi
845 1078 925 1098 vero
947 1066 1008 1110 (v.
1040 1079 1067 1099 c.
1093 1066 1168 1099 edd.
1194 1067 1258 1111 Μ.)
1306 1070 1346 1102 Si

226 1116 358 1160 quidem
381 1120 442 1148 aut
465 1114 615 1157 legimus,
641 1118 701 1145 aut
725 1113 826 1155 kuJ'us
847 1113 927 1155 fidei
950 1118 1086 1146 nostrae
1108 1114 1258 1155 facimus
1280 1125 1344 1147 ra-

228 1163 361 1202 tionem,
385 1160 567 1193 secundum
590 1166 651 1190 etc.
675 1157 706 1189 R

318 1216 353 1260 3)
379 1215 448 1249 efr.
473 1215 487 1246 1
512 1213 627 1247 Thess.
650 1213 691 1252 v,
709 1183 768 1247 '21.

318 1272 352 1316 ⁴)
377 1270 434 1304 Sic
457 1281 572 1302 omnes
595 1269 676 1302 Mss.
722 1267 815 1301 Editi
841 1280 918 1301 vero
945 1268 990 1313 (e.
1016 1281 1041 1300 c.
1067 1268 1142 1302 edd.
1171 1269 1238 1313 M.)
1262 1271 1349 1314 quod

229 1319 348 1353 bonum
368 1321 420 1350 est
445 1322 602 1350 tenentes.
626 1314 666 1347 R.

319 1373 353 1418 ⁵)
377 1372 479 1405 Mser.
510 1370 734 1404 sorbonicus:
764 1383 823 1405 uos
855 1371 1069 1405 abstinemus.
1101 1370 1140 1404 R.
1175 1391 1211 1397 —
1239 1371 1305 1405 cfr.
1333 1372 1343 1403 l

228 1420 341 1453 Thess.
365 1419 406 1458 V,
428 1416 484 1453 22.

274 1500 277 1501 γ
321 1474 355 1520 ⁶)
379 1473 449 1508 Csr.
473 1472 581 1506 Galat.
607 1471 663 1511 VI,
687 1471 737 1506 16.
