1413 2482
204 98 249 135 84
537 98 648 132 Pmm
673 98 847 132 Dameus
873 99 1002 134 Ηυετιι

205 177 280 224 sum
304 202 342 222 ac
367 188 482 221 vicinis
506 188 700 231 regionibus
724 202 811 222 nova
833 190 1039 224 incrementa
1057 192 1219 236 capiebat.
1258 194 1348 227 Scri-

206 253 257 286 bit
280 251 444 285 Leontius
468 251 664 295 Neapnleos
690 250 799 296 Cypri
824 252 978 292 antistes,
1010 253 1067 298 qui
1097 254 1257 288 Heraclio
1283 256 1346 289 im-

205 314 357 361 peratori
385 326 530 346 coaevus
553 313 630 353 fuit,
655 313 857 358 quaesivisse
882 313 1065 358 aliquando
1089 315 1176 349 inter
1198 330 1234 350 se
1259 318 1345 351 duos

205 375 371 411 Asceterii
396 375 589 421 cujusdam,
614 375 706 420 quod
733 384 803 408 erat
825 376 967 409 Emesae
991 377 1205 422 proximum,
1228 392 1346 412 mona-

206 440 299 480 chos,
324 452 384 471 cur
408 437 572 480 Origenes
596 437 795 477 haereticus,
827 438 890 482 (sic
915 438 1004 472 enim
1029 439 1248 486 appellatur,)
1272 452 1345 475 tan-

204 502 246 536 tis
271 515 289 535 a
313 502 392 534 Deo
417 499 555 534 dotibus
580 509 716 533 ornatus
740 499 807 532 fide
840 500 1026 535 excidisset.
1076 502 1232 549 Cumque
1262 504 1347 537 alter

204 578 273 599 non
298 564 375 607 Dei,
400 564 459 597 sed
484 572 622 596 naturae
657 562 804 601 donum,
829 574 920 601 eam,
952 575 1017 607 qua
1041 565 1214 608 pollebat,
1238 566 1346 599 scien-

204 628 286 661 tiam
313 640 384 660 esse
409 635 590 671 pugnaret;
614 626 700 657 alter
725 633 841 657 contra
855 625 1028 658 nemiuem
1043 639 1081 659 ex
1097 639 1237 662 naturae
1250 629 1343 661 dono

205 689 374 736 ejusmodi
399 688 565 721 excudere
591 699 695 732 opera
719 698 818 731 posse
849 687 1078 730 pertenderet,
1104 690 1214 734 qualia
1238 691 1280 723 ab
1304 703 1346 723 eo

205 752 396 797 conscripta
420 759 514 792 sunt3
539 749 647 782 visum
672 748 809 792 utrique
835 757 883 780 est
906 761 979 781 rem
1003 750 1044 782 ad
1058 750 1248 784 Palastinac
1271 764 1347 784 mo-

203 815 340 854 nachos,
366 826 512 859 quorum
537 821 610 844 tum
634 823 752 852 magua
776 811 1017 854 percrebuerat
1034 812 1135 853 fama,
1160 812 1347 859 dijudican—

205 878 282 910 dam
313 876 458 909 deferre.
512 874 662 916 Pergunt
698 871 751 904 illi
783 872 825 904 ad
854 874 1059 908 monasteria
1089 874 1174 909 mari
1204 885 1344 908 mortuo

204 938 433 977 contermina,
464 946 496 969 et
527 937 696 969 Joannem
727 934 883 966 abbatem
914 948 952 968 ac
977 936 1178 972 Simeonem
1212 949 1343 982 rogant,

203 1001 327 1047 ecquid
352 1001 394 1033 de
418 1012 455 1033 re
480 998 568 1031 inter
592 1010 626 1030 se
652 996 801 1041 quaesita
823 997 983 1030 sentiant:
1017 998 1068 1032 illi
1101 1013 1182 1034 vero
1210 1000 1345 1035 Simeo-

201 1076 281 1097 nem
305 1063 428 1101 alium,
461 1068 688 1102 cognomento
714 1058 850 1098 Salum,
884 1059 996 1104 (quod
1020 1070 1087 1103 est,
1118 1071 1156 1095 ut
1180 1062 1341 1109 conjicio,

201 1119 326 1170 Num,
354 1137 486 1161 mutato
510 1115 534 1158 ³²>
559 1125 653 1159 finali
676 1125 711 1158 in
737 1139 770 1165 ς,
795 1127 1087 1170 quemadmodum
1110 1128 1146 1161 in
1166 1128 1342 1174 Ἀννίβας,

202 1204 285 1237 pro:
312 1190 487 1234 Annibal‚)
511 1189 548 1223 id
573 1198 633 1229 est,
658 1187 811 1220 insanum
837 1198 869 1221 et
900 1190 1049 1231 fatuum,
1079 1191 1221 1226 Emesae
1247 1193 1340 1226 habi-

201 1263 330 1287 tantem
355 1251 487 1286 consuli
511 1251 642 1297 jubent.
690 1249 752 1282 Vir
783 1250 842 1283 ille
873 1251 976 1284 fastus
1007 1265 1043 1285 ac
1074 1253 1182 1287 inanis
1214 1255 1341 1298 gloriae

201 1315 453 1361 proculcandae
478 1327 591 1347 caussa
621 1312 822 1346 modestiam
847 1326 941 1345 suam
972 1314 1184 1349 delirationis
1207 1317 1341 1351 simula-

199 1378 294 1411 tione
317 1378 462 1419 tegebat,
486 1377 657 1420 vulgoque
680 1387 745 1420 pro
770 1375 927 1407 morione
952 1375 1146 1410 habebatur.
1197 1380 1227 1412 Is
1253 1381 1341 1425 lupi-

199 1452 335 1479 norum,
362 1451 447 1483 quos
471 1447 544 1469 tum
569 1438 659 1469 sorte
685 1437 898 1477 comedebat,
921 1438 1079 1483 symbolo
1099 1452 1190 1479 usus,
1215 1441 1341 1475 adeun-
1382 1459 1386 1463 -

201 1501 292 1535 tibus
315 1499 489 1534 monachis
513 1499 732 1541 significavit,
764 1499 948 1541 Origenem
979 1499 1114 1542 ingenio
1147 1515 1208 1535 suo
1235 1503 1341 1536 confi-

198 1576 292 1603 sum,
330 1575 406 1595 cum
440 1562 560 1595 altiora
590 1571 793 1601 sectaretur,
833 1561 866 1593 in
904 1574 996 1594 mare
1028 1562 1160 1607 lapsum
1190 1564 1339 1608 periisse.

198 1626 275 1658 Hoc
299 1624 374 1669 ipso
401 1637 488 1656 anno
515 1623 720 1666 Origenismi
744 1632 939 1668 suspectum
962 1624 1149 1657 Macarium
1174 1626 1338 1660 Hieroso-

199 1687 400 1734 lymitanum
426 1674 667 1731 patriarcham,
692 1686 888 1730 priusquam
915 1686 1115 1719 electionem
1140 1687 1245 1732 ipsius
1270 1690 1339 1722 suf-

196 1749 304 1790 fragio
345 1761 406 1781 suo
442 1748 629 1793 imperator
664 1749 874 1788 roborasset,
909 1749 989 1781 sede
1024 1761 1083 1781 sua
1121 1750 1336 1784 deturbatum

197 1810 299 1844 fuisse
321 1820 433 1843 narrat
457 1810 638 1853 Evagrius:
671 1819 704 1842 at
737 1810 770 1842 in
802 1810 944 1843 eandem
975 1810 1148 1855 aliquanto
1181 1822 1260 1856 post
1283 1827 1336 1846 re—

196 1873 363 1913 stitutum,
389 1886 465 1905 cum
491 1872 686 1914 Origeuem,
710 1871 903 1914 Evagrium,
928 1882 961 1904 et
976 1872 1163 1918 Didymum
1184 1874 1337 1907 damnas-
1375 1882 1378 1884 '

196 1945 257 1975 set,
283 1936 324 1968 ab
349 1935 471 1967 eodem
496 1934 674 1979 proditum
699 1944 760 1970 est.
814 1934 978 1978 Quamvis
1002 1943 1115 1967 autem
1139 1935 1276 1978 publice
1303 1946 1337 1969 et

196 1997 355 2042 privatim
380 1996 545 2038 Origenes
575 1996 814 2035 infamaretur,
846 1996 956 2028 nihilo
988 1995 1091 2037 magis
1128 1980 1335 2039 origenista:

197 2072 272 2092 rum
300 2058 567 2091 palaestinorum
598 2058 700 2090 animi
726 2058 968 2098 consederunt;
999 2070 1144 2102 cumque
1177 2058 1212 2091 in
1236 2060 1333 2093 Nova

197 2119 377 2166 praecipue
400 2120 508 2152 Laura
531 2130 620 2152 secta
645 2121 799 2165 ipsorum
823 2119 1053 2157 invalesceret,
1077 2120 1118 2151 ab
1143 2107 1331 2155 Eustochio

194 2181 515 2229 Hierosolymorum
548 2181 712 2226 episcopo
743 2181 823 2213 inde
854 2180 977 2213 extrusi
1015 2191 1101 2214 sunt,
1156 2183 1195 2215 In
1227 2184 1333 2217 varias

193 2244 248 2278 illi
271 2253 383 2289 partes
406 2243 624 2281 disseminati,
649 2244 775 2275 multos
810 2242 975 2284 dogmatis
1006 2243 1072 2275 suis
1097 2242 1261 2277 inescatos
1287 2247 1328 2278 ad

196 2319 296 2350 opem
324 2306 388 2340 sihi
417 2306 590 2338 ferendam
623 2305 845 2350 pellexerunt.
904 2305 1057 2349 impense
1097 2305 1229 2338 favebat
1261 2306 1328 2339 illis
