1413 2482
178 129 246 165 212
511 125 624 160 Pss‘rm
653 126 828 160 Daunius
851 126 984 161 Hussrn

184 219 242 252 sed
284 215 417 261 scriptis
450 215 550 249 etiam
592 216 627 248 in
663 217 801 259 gratiam
838 215 1085 261 discipulorum
1121 216 1319 262 explicabat.

188 279 346 312 Meminit
371 291 490 310 eorum
515 278 682 311 Eusebius
707 279 782 312 libr.
799 278 857 315 Vl.
891 277 977 311 Hist.
1009 291 1082 323 cap.
1109 278 1159 314 18.
1199 279 1319 324 Capite

188 355 268 374 vcro
293 340 347 374 24.
379 340 525 372 duorum
563 339 633 386 ejus
664 341 706 373 de
737 339 999 373 Resurrectione
1032 340 1214 384 librorum;
1249 351 1320 374 tum

187 403 300 448 operis
325 403 408 448 περὶ
433 401 574 447 ἀρχῶν,
603 411 749 447 quatuor
774 401 869 435 libris
894 401 1063 443 distincti3
1088 401 1170 435 item
1193 405 1322 448 Σῐρω-

185 466 332 510 ματέων
360 475 503 496 numero
530 463 666 506 decem3
699 473 732 496 et
757 463 866 508 capite
890 462 944 498 28.
970 463 1048 496 libri
1079 463 1120 495 de
1145 463 1322 511 Martyrio,

187 525 370 560 Ambrosio
396 535 430 558 et
453 525 656 558 protocteto
685 525 908 559 Caesariensis
941 525 1100 558 ecclesiae
1125 526 1322 572 presbytero

188 586 395 629 consecrati;
419 595 452 619 et
477 586 586 631 capite
603 586 656 622 33.
683 586 962 632 disputationum,
985 600 1065 633 quas
1089 600 1166 620 cum
1185 587 1323 633 Beryllo

187 648 364 683 Bostrensi
390 647 555 690 Origenes
582 648 748 689 exercuit3
779 659 812 682 et
837 650 946 694 capite
971 648 1025 684 36.
1051 649 1218 682 librorum
1243 658 1323 682 octo

188 721 304 745 contra
337 710 494 751 Celsum;
529 719 562 742 et
595 710 703 754 capite
728 709 786 745 39„
812 724 1008 744 sermonum
1039 712 1252 756 quorundam
1283 711 1324 744 iis

186 773 341 812 utilium,
380 771 501 816 quibus
533 770 568 803 in
600 771 779 805 tormentis
812 785 874 817 pro
910 772 1034 806 Christi
1066 773 1133 806 fide
1170 773 1323 807 toleratis

188 833 421 868 consolatione
447 845 532 877 opus
559 842 661 874 esset3
687 842 719 865 et
744 833 865 877 passim
892 834 1121 878 epistolarum.
1163 834 1256 867 Haec
1280 835 1321 867 de

188 895 344 938 Origenis
369 895 594 942 Syntagmatis
618 894 800 934 Eusebius,
834 907 918 939 quae
951 895 984 927 iu
1010 905 1218 929 antecessum
1243 909 1323 941 pro-

186 957 373 1003 posuimus,
399 956 633 989 fidelissimum
658 957 747 989 hunc
767 956 1047 998 Origeniauarum
1074 971 1187 990 rerum
1211 970 1323 990 narra-

185 1029 296 1052 torem
320 1030 402 1063 prae
429 1018 548 1051 ceteris
572 1031 636 1063 pro
661 1032 757 1051 more
782 1028 900 1051 nostro
927 1019 1151 1052 consulentes.

276 1080 319 1113 ll.
357 1080 454 1111 Nunc
482 1088 701 1112 retractemus
727 1092 764 1111 ex
796 1079 845 1111 his
870 1080 1000 1124 aliqua,
1032 1089 1065 1112 et
1095 1080 1198 1125 paulo
1224 1093 1322 1113 accu-

184 1142 287 1175 ratius
313 1140 552 1185 expendamus.
599 1140 680 1173 Duo
707 1142 866 1173 duntaxat
891 1142 933 1174 de
958 1141 1217 1175 Resurrectione
1242 1141 1322 1175 libri

183 1205 224 1237 ab
247 1203 397 1236 Eusebio
431 1211 753 1235 commemorantur.
802 1206 846 1235 At
878 1202 1105 1249 Hieronymus
1137 1203 1228 1247 apud
1253 1204 1321 1237 Ru-

181 1267 288 1299 finum
326 1264 402 1297 libr.
428 1263 469 1296 Il.
509 1263 632 1296 luvect.
672 1263 843 1309 scripsisse
887 1275 997 1298 narrat
1029 1264 1213 1308 Origenem
1251 1266 1320 1298 »de

182 1325 446 1361 Resurrectione
473 1324 579 1358 libros
604 1325 708 1365 duos,
733 1335 768 1358 et
787 1325 872 1358 alios
897 1326 938 1358 de
965 1325 1226 1359 Resurrectione
1250 1326 1321 1360 dia-

183 1391 281 1432 logos
316 1389 441 1421 duos.«
503 1387 599 1418 Idem
630 1386 858 1433 Hieronymus
890 1386 1025 1431 epistol,
1051 1386 1106 1422 61.
1143 1388 1186 1420 ad
1218 1388 1318 1421 Pam-

182 1450 289 1484 mach.
316 1462 388 1494 cap,
411 1448 444 1483 8.
471 1447 551 1480 citat
575 1447 699 1480 librum
724 1447 874 1494 ejusdem
900 1448 1013 1493 operis
1043 1458 1210 1493 quartum.
1260 1451 1318 1484 At-

184 1525 249 1558 que
273 1512 335 1544 hos
358 1511 465 1543 libros
481 1509 681 1543 Methodius
706 1509 857 1555 ejusdem
875 1509 969 1543 tituli
994 1522 1097 1554 opere
1116 1512 1316 1547 confutavit.

272 1574 334 1607 ΙΙΙ.
374 1571 495 1604 Libros
525 1575 756 1618 Σῐρωματεῖς
787 1572 951 1614 Origenes
988 1572 1139 1606 elimavit
1172 1573 1214 1606 ad
1239 1573 1317 1608 Cle-

180 1635 301 1668 mentis
325 1634 538 1679 exemplum,
561 1646 579 1666 a
603 1646 671 1678 quo
696 1634 785 1678 paris
808 1634 996 1676 argumenti
1030 1643 1063 1667 et
1085 1634 1316 1680 inscriptionis

178 1696 431 1729 lucubrationes
468 1695 571 1729 hodie
602 1695 799 1740 superstites
835 1696 1028 1728 elaboratae
1058 1705 1144 1729 sunt.
1192 1696 1316 1729 Hiero-

176 1771 296 1805 nymus
319 1757 415 1801 epist.
438 1755 512 1797 48,
545 1769 629 1801 quae
654 1767 704 1790 est
728 1758 770 1790 ad
795 1758 955 1800 Magnum
980 1757 1163 1792 Oratorem
1189 1759 1315 1792 Rorna-

176 1832 277 1852 num:
330 1818 516 1850 »Clemens
543 1817 789 1852 Alexandrinae
821 1818 980 1852 ecclesiae
1009 1820 1203 1865 presbyter,
1233 1833 1311 1853 meo

174 1879 303 1926 judicio
335 1879 487 1912 omnium
520 1879 780 1920 eruditissimus,
820 1890 897 1913 octo
933 1880 1068 1925 scripsit
1101 1881 1311 1915 stromatum

174 1943 293 1984 libros,
323 1951 355 1974 et
371 1941 518 1974 totidem
535 1940 817 1984 ὑποτυπώσεων,
846 1950 879 1974 et
903 1941 1009 1974 alium
1034 1951 1150 1976 contra
1164 1943 1310 1986 Gentes;

172 2003 362 2046 Paedagogi
387 2015 524 2047 quoque
548 2002 611 2036 tria
636 2002 820 2036 volumina.
855 2002 946 2046 Quid
965 2003 999 2036 in
1023 2004 1092 2037 illis
1108 2005 1310 2039 indoctum?

173 2065 268 2110 Quid
292 2078 359 2098 non
385 2076 402 2096 e
427 2064 538 2096 media
563 2064 779 2109 philosophia
805 2064 877 2098 est?
923 2065 1022 2098 Hunc
1053 2065 1202 2099 imitatus
1228 2067 1310 2100 Ori-

171 2140 270 2170 genes
295 2127 412 2160 decem
437 2126 570 2170 scripsit
593 2127 817 2165 Stromateas,
845 2125 1112 2160 Christianorum
1139 2137 1171 2160 et
1192 2128 1305 2173 philo-

167 2189 353 2233 sophorum
377 2187 466 2220 inter
489 2200 523 2220 se
547 2189 726 2221 sententias
752 2201 959 2236 comparans,
987 2199 1021 2222 et
1038 2190 1151 2222 omnia
1167 2199 1302 2223 nostrae

162 2250 336 2292 religionis
368 2251 523 2291 dogmata
558 2250 598 2282 de
630 2249 789 2288 Platone,
825 2260 857 2282 et
885 2250 1087 2290 Aristotele,
1119 2251 1301 2291 Numenio,

161 2311 382 2357 Coi-nutuque
414 2311 643 2346 confirmans.«
693 2313 792 2346 Hunc
821 2312 932 2356 ipsum
957 2312 1205 2357 Hieronymum
1238 2313 1283 2346 ali
