1413 2482
168 66 236 103 234
500 68 613 102 Pss‘rm
644 69 818 103 Damssus
841 69 971 104 Hussru

170 159 343 196 δοτίωνος
379 159 526 192 ἔκδοσιν
563 156 640 201 ἅμα
675 161 715 207 τῇ
748 162 820 194 τῶν
848 157 1124 205 Ἑβδομήκονῐα
1158 161 1197 196 ἐν
1233 167 1304 202 τοῖς

173 222 395 265 Tagum-1205,-
443 219 789 260 ἐπικατασκευάσας.
854 222 949 254 Idem
989 221 1164 255 manifeste
1203 224 1303 258 tradit

169 281 317 314 Zonaras
353 282 387 314 in
417 281 556 315 Severo.
605 284 681 316 Jam
702 292 793 316 ‘ante
829 293 942 316 autem
979 283 1032 316 vel
1070 284 1214 325 utravis,
1251 285 1303 318 vel

168 352 310 387 utraque
342 353 559 388 compegerat
591 344 775 386 Origenes,
812 358 911 390 quam
943 345 1197 379 Commentaria
1225 346 1305 380 scri-

170 404 287 448 psisset
312 404 347 436 in
373 405 601 448 Mattliaeum;
626 406 659 438 in
684 420 830 452 quorum
848 407 961 440 Tomo
980 407 1054 440 XV.
1078 420 1172 440 num.
1192 406 1244 442 14.
1268 420 1303 441 se

170 466 273 499 varias
298 466 493 512 Scripturae
525 468 692 502 editiones
723 468 922 509 contulisse,
955 478 989 501 et
1014 469 1123 502 obelis
1155 482 1192 502 ac
1217 477 1304 502 aste-

169 527 263 561 riscis
287 538 419 562 notasse
445 529 558 564 tradit.

168 686 358 725 adornaret,
369 687 483 720 multis
497 701 534 720 ex
550 688 634 721 locis
649 679 902 734 comprobatur.
919 690 975 723 Sic
984 687 1306 722 PsalmLXXXVt.

169 742 203 774 in
227 752 309 775 nota
333 743 374 776 ad
401 756 483 776 vers.
509 745 539 778 5.
566 745 691 778 dicitur
716 746 831 778 locum
861 747 959 778 illum
985 745 1156 778 vitiatum:
1189 743 1306 790 μήτηρ

169 800 287 842 Σιών,
313 799 370 844 qui
396 800 533 845 respicit
557 802 779 834 Hebraicum:
817 793 960 842 iffss'U,
985 802 1100 834 haberi
1130 800 1164 834 in
1188 801 1307 833 Tetra-

168 855 297 894 selido,
321 855 391 888 sive
416 856 450 888 in
475 857 651 902 Tetraplo,
676 870 771 890 secus
794 867 905 890 autem
931 858 964 891 in
990 857 1210 897 Getasa-litto,
1234 855 1305 888 sive

169 910 205 943 in
231 911 397 956 Octaplo‚
422 912 481 945 ubi
505 923 595 946 recte
621 914 811 956 legebatur:
835 913 885 958 μὴ
914 917 951 961 τῇ
976 913 1095 955 Σιών,
1119 925 1199 945 num
1225 911 1306 956 quid

169 968 271 1010 Sion3
296 968 375 1013 quia
400 969 559 1002 videlicet
582 970 669 1002 hunc
695 970 808 1002 locum
835 970 867 1002 in
893 970 1064 1014 Tetraplis
1093 969 1307 1007 mendosum,

168 1024 204 1057 in
229 1024 386 1069 Octaplis
413 1035 530 1069 postea
564 1026 756 1059 emendavit
781 1025 954 1067 Origenes.
1004 1027 1041 1059 ln
1075 1025 1162 1058 libro
1194 1034 1306 1057 autem

169 1082 238 1114 Job
263 1081 533 1125 frequentissima
558 1092 791 1114 memorantur
808 1082 882 1114 loca
898 1096 936 1114 ex
951 1080 1121 1126 Tetraplis
1142 1081 1307 1119 «launna,

170 1138 291 1183 quibus
316 1138 583 1179 demonstratur,
607 1138 714 1173 LXX.
739 1137 965 1183 interpretum
990 1138 1198 1177 editionem,
1222 1149 1307 1182 quae

169 1196 211 1227 ab
242 1195 390 1237 Origene
422 1195 456 1227 in
489 1194 658 1239 Tetraplis
690 1194 801 1239 posita
831 1195 957 1235 suerat,
993 1207 1062 1227 non
1095 1194 1307 1226 emendatam

168 1251 289 1291 fuisse,
313 1252 372 1283 sed
399 1261 431 1283 et
456 1251 667 1296 σφάλματα,
695 1260 728 1284 et
752 1261 986 1296 praeposteras
1011 1250 1192 1291 lectiones,
1218 1262 1305 1295 quae

169 1307 205 1340 in
229 1307 476 1351 exemplaribus
503 1310 574 1342 τῶν
596 1306 870 1351 Ἔβδομήκοντα
895 1308 1084 1346 exstabant,
1111 1307 1234 1339 intacta
1259 1305 1307 1338 ibi

170 1365 384 1402 remansisse,
414 1373 452 1395 ut
477 1364 617 1408 quisque
649 1364 915 1397 animadvertere
940 1364 1047 1408 possit
1071 1364 1105 1396 in
1130 1363 1220 1396 notis
1245 1376 1306 1395 no-

170 1422 255 1454 stris.
303 1421 525 1465 Exploratum
559 1419 674 1464 itaque
699 1430 767 1460 est,
797 1430 924 1453 textum
950 1420 1054 1453 LXX.
1079 1419 1307 1463 interpretum

169 1478 204 1510 in
228 1476 399 1521 Tetraplis
422 1489 492 1508 non
517 1465 732 1508 emendatum
756 1477 877 1516 fuisse,
907 1477 967 1510 sed
990 1485 1109 1521 postea
1139 1476 1174 1508 in
1199 1475 1307 1508 Hexa-

169 1534 235 1579 plis
259 1534 295 1567 id
319 1533 524 1578 praestitisse
551 1532 743 1574 Origenem.
794 1532 1017 1577 Quapropter
1039 1532 1100 1566 ubi
1123 1533 1166 1565 de
1191 1544 1306 1565 emen-

171 1591 280 1623 denda
310 1590 417 1622 LXX.
451 1588 675 1632 interpretum
708 1580 855 1621 lectione
893 1589 1001 1631 agitur
1031 1590 1123 1634 apud
1154 1589 1306 1628 Veteres,

170 1646 322 1690 Hexapla
345 1658 490 1689 semper,
517 1636 678 1689 Tetra‘pla
702 1657 872 1690 nunquam
891 1645 1044 1678 citantur.
1081 1644 1169 1677 Hinc
1192 1652 1305 1676 autem

170 1702 337 1746 liquidum
363 1710 412 1732 est
438 1701 598 1744 Tetrapla
622 1701 733 1745 prius,
759 1714 858 1746 quam
884 1701 1046 1746 Octapla,
1078 1700 1168 1733 edita
1192 1699 1304 1733 fuisse.

170 1760 257 1792 Nam
281 1757 308 1789 si
334 1756 485 1800 Hexapla
510 1770 586 1788 cum
613 1758 763 1790 editione
789 1757 919 1790 scilicet
943 1758 1000 1790 illa
1025 1759 1096 1791 τῶν
1117 1754 1305 1801 Ἑβδομή-

171 1827 282 1849 κοντα
318 1825 335 1844 a
373 1812 502 1844 mendis
538 1823 694 1857 purgata,
730 1813 823 1857 prius
855 1813 1013 1846 edidisset
1046 1812 1226 1854 Origenes:
1262 1825 1305 1845 an

173 1871 328 1903 credatur
352 1868 463 1912 ipsum
488 1878 624 1911 postea,
656 1881 732 1900 cum
757 1868 917 1912 Tetrapla
949 1868 1082 1909 ederet,
1112 1869 1211 1902 missa
1235 1869 1305 1909 illa,

173 1939 272 1972 quam
296 1933 390 1957 tanto
411 1925 524 1956 labore
541 1924 796 1961 emaculaverat‚
820 1923 1001 1967 Hexaplari
1019 1925 1180 1966 editione,
1204 1925 1305 1958 aliam

172 1982 418 2017 inemendatam
445 1990 477 2012 et
503 1980 618 2012 erratis
650 1980 784 2024 plenam
811 1980 987 2023 posuisse?
1035 1981 1072 2013 ld
1105 1990 1196 2014 certe
1227 1994 1304 2014 cum

171 2048 262 2073 recta
285 2036 414 2070 ratione
439 2045 618 2080 pugnaret:
653 2044 685 2067 et
709 2045 882 2079 praeterea
907 2037 1000 2069 locus
1025 2037 1181 2078 Eusebii,
1205 2050 1305 2082 quem

172 2108 272 2140 supra
297 2092 551 2137 descripsimus,
582 2104 643 2123 nec
667 2103 735 2122 non
761 2104 901 2136 sequens
927 2093 1100 2135 Origenis,
1132 2094 1167 2126 id
1190 2102 1306 2138 aperte

174 2159 316 2185 narrant.
375 2149 467 2182 Haec
502 2157 614 2180 autem
650 2147 804 2191 pluribus
836 2149 1017 2192 *prosecuti
1054 2162 1186 2190 sumus,
1228 2149 1306 2194 quia

174 2207 340 2241 Hem-icus
367 2203 517 2237 Valesius
549 2203 663 2236 locum
693 2203 831 2236 Eusebii
862 2217 1040 2249 perperam
1074 2206 1306 2251 interpretam,

176 2263 285 2297 doctis
309 2262 440 2306 aliquot
466 2260 543 2293 viris
568 2262 682 2292 fucum
710 2261 864 2292 lecerat«
915 2261 953 2296 R.
