1422 2472
380 109 692 143 ORIGEMANORUM
719 110 832 142 lamen
857 109 898 142 11.
1153 110 1198 144 49

57 211 112 231 me
136 198 283 232 scribere
309 209 571 244 provocarunt.«
623 199 727 234 Addit
745 198 957 243 Theophilus
983 198 1102 240 sugatis
1116 198 1194 231 Ori-

56 261 191 302 genistis
223 261 264 293 ad
298 261 475 306 pristinam
509 260 790 305 tranquillitatem
828 260 1031 293 monasteria
1063 259 1193 292 Nitriae

58 322 206 355 rediisse.
254 323 453 356 Audiendus
466 333 639 368 practerea
654 323 893 369 Hieronymus,
918 323 999 355 dum
1018 321 1192 366 aliquanto

56 393 136 428 post
165 384 207 416 ad
238 384 493 418 Pammachium
535 394 568 417 et
605 385 804 418 Marcellam
845 385 1012 418 scribens:
1056 383 1192 427 »Ubi')

55 458 145 478 nunc
170 456 229 486 est,
252 446 372 491 inquit,
398 447 541 479 coluber
564 447 763 481 tortuosus?
785 447 844 479 ubi
864 445 1121 479 venenatissima
1145 445 1190 477 vi-

55 507 158 551 pera?
181 507 339 552 Prima²)
363 508 510 541 hominis
542 508 644 541 facies
670 518 768 541 utero
804 508 983 541 commissa
1007 506 1193 551 luporum?

55 569 123 602 Ubi
160 569 323 608 haeresis,
361 582 446 614 quae
479 569 637 602 sibilabat
676 570 710 602 in
747 570 927 603 mundo?«
967 569 1012 601 Et
1050 569 1188 601 deinde:

58 631 249 676 »Oppressa
275 640 325 663 est
348 630 419 676 ejus
444 631 664 676 (Theophili)
697 631 899 664 auctoritate
925 640 958 663 et
983 630 1190 674 eloquentia,

56 703 90 726 et
112 693 147 726 in
171 706 303 725 morem
329 693 609 726 daemonicorum
633 692 815 737 spirituum
841 693 883 725 de
908 702 998 725 terra
1021 691 1190 736 loquitur:

53 755 159 788 nescit
182 755 271 788 enim
297 767 386 794 eum,
411 756 477 798 qui.
493 755 668 787 desursum
692 754 829 787 veniens
855 767 891 787 ea
917 754 1080 799 loquitur,
1106 767 1190 799 quae

53 831 186 850 sursum
209 826 318 850 sunt.«
367 816 535 860 Queritur
551 817 773 862 postmodum
793 816 893 849 tantis
916 816 1190 850 simulationibus

52 879 103 911 nti
127 879 248 912 solitos
274 879 493 921 Origenistas‚
517 889 554 911 ut
579 879 633 911 vix
655 892 673 911 a
702 877 887 912 Catholicis
917 877 1189 911 internosceren-

51 951 117 975 tur,
164 941 255 974 Tum
281 941 413 974 subdit:
441 941 601 985 »Quid³)
629 955 714 985 opus
742 950 791 973 est
817 940 976 972 obsidere
1001 940 1188 984 Proponti-

52 1003 142 1042 dem,
166 1013 296 1036 mutare
322 1003 415 1044 loca,
448 1003 594 1035 diversas
623 1004 766 1035 lustrare
791 1001 963 1043 regiones,
990 1011 1023 1034 et
1047 1002 1188 1035 clarissi-

50 1079 146 1098 mum
177 1065 378 1110 pontificem
410 1064 554 1107 Christi,
590 1064 728 1110 ejusque
761 1063 947 1107 discipulos
974 1064 1096 1096 rabido
1129 1078 1188 1097 ore

53 1126 266 1171 discerpere?
290 1127 329 1160 Si
352 1139 430 1159 vera
456 1126 649 1170 loquimini,
674 1125 856 1169 pristinum
882 1125 1006 1157 erroris
1029 1126 1187 1158 ardorem

53 1189 174 1220 ardore
205 1188 286 1221 fidei
319 1197 560 1220 commutate.«
609 1188 761 1219 Domum
794 1186 972 1219 Paschales
1003 1187 1188 1231 Theophili

52 1250 230 1295 epistolas,
271 1250 392 1295 quibus
418 1249 651 1292 Origenismus
677 1248 862 1288 obteritur,
901 1260 920 1279 a
942 1257 1017 1280 toto
1045 1248 1188 1282 Oriente

54 1325 130 1346 cum
152 1311 376 1344 admiratione
401 1311 540 1356 suscipi,
566 1320 599 1343 et
623 1309 811 1355 praedicari
836 1310 1021 1342 denuntiat.

140 1375 199 1408 VI.
247 1373 386 1406 Prolixe
410 1374 492 1405 haec
520 1386 538 1405 a
562 1386 616 1405 me
641 1381 755 1404 notata
779 1381 875 1411 sunt,
905 1380 944 1403 ut
968 1384 1044 1403 cum
1070 1381 1188 1405 aucto-

50 1437 149 1470 ritate
173 1435 337 1475 Palladii,
369 1434 538 1473 Socratis,
562 1433 765 1474 sozomeni,
792 1433 932 1475 Georgii
957 1434 1186 1476 Alexandrini,

50 1497 222 1544 Anonymi
245 1497 404 1537 alterius,
433 1496 491 1541 qui
517 1495 748 1541 Clu-ysostomi
773 1494 875 1528 vitam
901 1494 935 1527 in
961 1495 1074 1528 literas
1097 1507 1187 1529 retu-

50 1561 100 1601 lit,
125 1570 157 1593 et
181 1573 200 1592 a
232 1558 361 1593 Savilio
394 1558 504 1590 editus
537 1567 586 1590 cst
618 1558 719 1590 Tom.
744 1558 836 1590 VllI.
870 1557 1042 1603 Chrysost.
1076 1567 1110 1590 et
1133 1559 1186 1592 Si·

49 1623 181 1656 meonis
204 1620 468 1666 metaphrastae,
503 1619 614 1653 lector
644 1633 770 1665 aequus
794 1618 979 1664 Epiphanii
1005 1628 1038 1652 et
1061 1620 1186 1653 Hiero·

48 1685 141 1732 nymi
165 1683 402 1716 auctoritatem
428 1691 630 1727 componat,
662 1691 695 1714 et
721 1694 820 1725 quam
848 1680 978 1713 diversa
1005 1682 1046 1713 de
1071 1682 1186 1715 Theo-

48 1746 134 1792 phili
159 1755 193 1778 et
216 1744 484 1787 origenistarum
510 1744 649 1777 dissidio
674 1743 856 1782 senserint,
889 1752 1082 1783 cognoscat.
1130 1744 1185 1776 llli

49 1821 214 1842 summam
250 1806 403 1852 pietatis,
440 1806 642 1846 sanctitatis,
683 1815 716 1839 et
747 1804 1013 1837 mansuetudinis
1049 1805 1185 1839 laudem

50 1869 248 1913 Origenistis
273 1868 442 1902 tribuunt:
476 1867 511 1900 hi
534 1867 748 1913 versipelles,
778 1866 991 1899 refractarios
1024 1876 1056 1900 et
1080 1868 1186 1912 perti-

50 1945 147 1964 naces
171 1931 308 1964 eosdem
334 1931 474 1973 fingunt.
523 1931 578 1963 llli
610 1929 842 1974 Theophilum
868 1928 1086 1969 iracundum,
1121 1930 1185 1962 im-

51 2003 236 2037 potentem,
260 1992 428 2037 iniquum,
453 1993 616 2038 pecuniae
643 1992 818 2036 cupidum,
844 2003 992 2034 pronum
1017 1990 1051 2022 in
1076 1992 1184 2024 vindi-

52 2064 149 2095 ctam,
171 2055 310 2099 privatis
332 2054 464 2101 injuriis
489 2055 557 2087 Dei
583 2067 730 2087 caussam
756 2053 841 2086 falso
860 2053 1103 2085 obtendentem
1129 2066 1183 2086 ex-

96 2174 98 2177 *
146 2182 178 2225 ¹)
204 2182 275 2217 Csr.
301 2183 503 2229 Hieronym.
529 2184 626 2228 epist.
654 2182 707 2216 78.

145 2239 179 2282 ²)
205 2237 275 2271 Cfr.
299 2239 398 2281 vigil.
424 2240 564 2273 Aeneid.
593 2240 651 2271 lib.
679 2239 737 2271 lll.
763 2251 847 2271 vers.
873 2236 950 2271 426.
978 2245 1009 2268 et
1034 2236 1111 2271 428.

143 2295 178 2338 ³)
203 2294 265 2327 Ed.
291 2295 416 2327 Ruaei:
443 2296 536 2338 Quid
560 2309 694 2328 necesse
722 2304 771 2328 est
796 2303 858 2327 etc.

95 2358 272 2390 Druensis
294 2356 534 2390 Opnmxrom.
559 2358 684 2389 XXIV.
967 2352 986 2385 4
