1413 2482
202 100 267 137 130
541 101 654 136 Pzrm
679 101 852 136 omnus
878 100 1010 136 Hom-11

201 190 502 237 Hieronymu5,¹)
545 204 622 224 cum
657 191 879 225 Ambrosium
911 191 993 225 dixit
1026 190 1183 235 Origenis
1218 191 1352 227 Heme-

200 267 322 289 meron
353 252 567 299 compilasse.

294 318 338 351 ΙΙ.
387 315 564 363 Viginti2)
589 329 646 350 sex
670 316 842 351 Homilias
867 317 901 350 in
934 317 1041 351 Josue
1066 330 1104 351 ex
1127 326 1284 364 tempore
1309 319 1352 351 ab

204 379 412 414 Adamantio
438 392 516 413 sene
540 379 706 421 recitatas,
734 389 767 413 et
792 379 957 413 industria
978 379 1209 426 Exceptormn
1224 381 1260 427 ³)
1285 393 1352 414 ser-

203 453 294 477 vatas
318 443 461 476 Rufinus
485 443 605 476 Latine
629 443 792 478 reddidit.
852 443 1096 486 Fragmentum
1129 456 1168 477 ex
1198 443 1352 478 Romilia

201 506 259 541 20.
291 506 537 540 duodecimum
567 505 776 540 Pliilocaliae
809 516 911 551 caput
945 516 1183 552 repraesentat.
1231 506 1354 540 Homi-

203 569 264 603 lias
287 583 414 603 novem
438 569 472 603 iu
497 569 637 603 Judices
674 569 786 603 latinis
819 569 939 603 itidem
972 569 1084 604 verbis
1116 570 1235 604 retulit
1259 570 1354 604 Rufi-

202 646 275 666 nus.
324 633 490 676 Origenes
515 633 550 666 in
574 633 727 676 Prologo
744 633 1083 667 Commentariorum
1107 633 1142 667 in
1170 633 1350 668 Canticum

206 695 448 738 Canticorum,
488 709 587 739 agens
614 697 654 730 de
682 696 824 731 Cantico
849 697 1011 730 Deborae
1035 696 1082 730 ita
1105 696 1241 731 scribit:
1268 697 1356 731 »Ve-

204 773 282 794 rum
309 769 342 793 et
366 760 408 793 de
434 758 484 793 his
508 759 643 805 plenius
667 759 702 794 in
727 760 796 793 illis
822 759 1055 802 oratiunculis,
1081 773 1162 806 quas
1178 759 1220 793 de
1233 759 1354 794 libello

205 823 368 856 Judicum
395 822 575 863 edidimus,
600 822 740 858 disserta
763 823 944 871 reperies«
1002 822 1108 869 Atqui
1141 836 1179 857 ex
1205 822 1356 857 oratiun-

207 886 292 920 culis
316 885 351 919 in
375 885 534 929 Judices,
566 900 652 932 quae
676 896 875 933 supersunt,
910 895 1002 920 sexta
1036 886 1213 920 Canticum
1238 886 1357 921 Debo-

205 962 262 982 rae
287 949 452 994 explanat.
501 948 695 982 Verisimile
721 962 800 990 ergo
828 959 888 990 est,
913 950 970 983 lias
995 949 1083 995 ipsas
1103 949 1274 984 Homilias
1299 951 1357 984 de-

206 1011 330 1055 signari
353 1013 395 1045 ab
421 1010 583 1055 Origene,
609 1011 824 1058 proindeque
856 1013 898 1046 ab
930 1025 971 1045 eo
1008 1011 1084 1058 ipso
1111 1012 1214 1047 fuisse
1239 1012 1356 1053 editas,

206 1088 276 1108 non
303 1088 342 1108 ex
365 1085 523 1120 tempore
551 1084 732 1119 conceptas
759 1084 792 1108 ct
816 1074 983 1108 recitatas.
1031 1075 1070 1108 In
1093 1074 1200 1108 libros
1223 1075 1355 1118 Regum

209 1138 295 1171 duae
320 1137 463 1171 omnino
489 1136 663 1170 Homiliae
687 1146 888 1182 supersunt:
913 1137 1011 1183 prior
1034 1136 1068 1170 in
1091 1137 1206 1180 IReg.
1232 1149 1304 1183 cap.
1323 1137 1356 1172 1.

210 1209 244 1233 et
267 1200 311 1240 2.‚
337 1200 443 1233 altera
468 1199 501 1232 iu
526 1201 541 1233 I
567 1199 650 1242 Reg.
677 1213 748 1245 cap.
775 1199 841 1240 28„
866 1200 900 1233 in
927 1212 992 1245 qua
1016 1200 1058 1233 de
1082 1199 1355 1247 Engastrimytho

209 1264 412 1309 disputatur.
461 1262 617 1295 Priorem
643 1262 746 1296 latina
773 1263 874 1296 habet
893 1262 1050 1305 Origcnis
1066 1263 1190 1307 editio;
1215 1263 1355 1297 alteram

210 1340 227 1359 e
252 1325 423 1359 Vaticanis
457 1325 662 1359 membranis
697 1325 843 1359 Allatius
877 1325 975 1358 eruit.
1032 1326 1187 1359 Humilia
1219 1325 1359 1371 insuper

209 1388 307 1421 tertia
331 1388 366 1421 in
390 1388 495 1420 Josue
528 1400 620 1420 num.
645 1387 678 1421 4.
717 1387 763 1420 ait
797 1387 982 1432 Origenes,
1024 1401 1059 1421 se
1098 1388 1280 1433 aliquando
1314 1388 1357 1422 de

210 1452 340 1485 duabus
363 1449 618 1490 meretricibus,
652 1462 794 1494 quarum
828 1450 925 1483 litem
956 1451 1124 1485 Salomon
1147 1450 1358 1497 disceptavit,

208 1514 244 1547 in
274 1513 417 1547 ecclesia
455 1513 498 1546 ad
537 1512 710 1559 populum
743 1512 952 1550 disseruisse.
1009 1513 1232 1549 Cassiodorus
1262 1526 1359 1561 prae-

305 1658 336 1703 ¹)
363 1657 435 1691 Cfr.
461 1656 660 1703 Hieron)m.
688 1655 784 1702 epist.
811 1655 865 1692 65.
893 1669 965 1702 cap.
990 1657 1022 1692 2.

302 1715 338 1759 2)
364 1712 588 1747 Cassiodorus
620 1713 677 1747 lib.
714 1714 756 1746 de
788 1713 932 1746 institut.
959 1713 1061 1749 divin.
1086 1714 1201 1760 script.
1228 1726 1300 1759 cap.
1325 1713 1356 1748 1.

209 1758 345 1802 triginta
372 1768 630 1792 commemorat.
686 1760 726 1792 In
755 1759 901 1804 septima
934 1772 1025 1793 num.
1051 1759 1083 1794 6.
1113 1773 1149 1794 se
1182 1760 1358 1806 presbyte-

208 1818 284 1838 rum
312 1814 344 1837 et
368 1805 464 1837 verbi
480 1805 547 1837 Dei
571 1818 777 1849 praeconem
803 1805 903 1837 dicit:
930 1804 965 1837 in
991 1806 1091 1838 tertia
1114 1818 1207 1839 num.
1225 1806 1259 1839 4.
1284 1807 1356 1837 lau-

209 1851 266 1883 dat
298 1850 485 1883 Humiliam
521 1852 706 1895 quandam,
741 1864 841 1895 quam
873 1850 908 1882 in
941 1850 1006 1883 alia
1037 1851 1183 1896 quadam
1214 1850 1358 1884 ecclesia

210 1897 251 1929 de
277 1896 406 1929 duabus
432 1896 684 1936 meretricibus,
718 1896 760 1928 de
786 1896 909 1941 quibus
933 1896 1095 1940 scriptum
1122 1905 1171 1929 est
1196 1896 1230 1929 in
1253 1896 1356 1929 tertio

209 1942 298 1974 libro
326 1942 476 1983 Regum,
509 1954 593 1986 quae
618 1942 659 1974 ad
684 1941 852 1986 judicium
879 1951 1040 1974 venerant
1066 1942 1274 1982 Salomonis,
1299 1942 1357 1974 ha-

206 1987 292 2019 buit.
333 1987 468 2019 Deinde
487 1987 594 2032 liquet
609 2000 647 2019 ex
666 1987 797 2020 Homil.
810 1987 906 2019 Xlll.
932 1999 1023 2020 num.
1043 1986 1086 2025 3.,
1110 1988 1185 2021 XV.
1210 2000 1302 2021 num.
1321 1987 1357 2022 6.

208 2042 242 2065 et
273 2032 383 2065 XXV.
421 2045 514 2065 num.
550 2033 578 2066 1.
590 2057 598 2072 ‚
638 2032 847 2084 posteiiores
881 2044 935 2065 eas
969 2045 1038 2065 esse
1076 2032 1290 2077 expositione
1320 2032 1356 2066 in

206 2077 331 2111 Psalm.
358 2076 395 2110 C.
420 2090 457 2110 ac
482 2077 645 2110 Homiliis
678 2077 710 2110 in
742 2077 944 2119 Jeremiam,
979 2078 1070 2111 etin
1097 2079 1282 2112 Numenos:
1308 2078 1357 2111 vi-

207 2124 397 2168 denturque
433 2122 673 2175 pronuntiatae
706 2123 795 2156 circa
834 2123 937 2155 finem
969 2124 1048 2156 anni
1072 2123 1166 2165 249„
1207 2124 1263 2157 vel
1293 2125 1356 2157 sub

205 2169 341 2202 initium
373 2169 452 2201 anui
475 2168 554 2202 250.
565 2195 573 2211 ,
609 2169 888 2214 quandoquidem
922 2168 1053 2203 Homil
1086 2170 1146 2203 lx.
1176 2182 1270 2204 num.
1303 2168 1355 2209 10.

204 2213 432 2256 gravissimam
457 2223 625 2247 memorat
648 2215 935 2259 persecutionem,
961 2227 1047 2259 quae
1073 2223 1153 2249 tunc
1178 2214 1354 2249 ecclesiam
1408 2229 1410 2236 ‚

205 2260 385 2303 affligebat.
413 2260 454 2294 R:

298 2316 330 2358 ἔ)
355 2314 418 2347 Ed.
445 2313 563 2349 Huetii
588 2314 693 2349 altera
718 2315 823 2349 male:
851 2316 1112 2360 Excerptorum.
