1413 2482
161 73 229 109 200
496 74 607 108 Parni
632 74 810 108 Daumus
834 75 969 109 Hom-n

163 164 376 209 λημνίσκος,
403 161 532 196 derivat
557 176 575 196 a
600 163 733 197 Graeco
758 163 965 209 λιμνάζειν·
989 177 1066 198 nam
1091 166 1303 213 Syracusiam

164 236 235 256 esse
260 237 378 257 vocem
404 233 545 257 constat.
594 225 738 270 Reliqua
764 226 836 259 fuse
860 226 1076 271 persequitur
1093 227 1304 273 Epiphanius

165 364 249 396 quae
277 364 372 384 causa
404 351 487 392 suit,
518 362 556 385 ut
581 353 663 386 haec
691 367 752 387 vox
785 368 849 399 pro
875 354 1082 401 Syracusana
1115 355 1302 389 haberetur.

164 407 367 454 Hesychius:
402 411 622 451 λημνίσκους
648 408 710 449 τὰς
734 410 860 449 στεινὰς
883 410 1129 456 Συρακούσιοι
1155 416 1302 455 ταινίας,

163 463 379 507 subintellige
411 467 570 511 λέγουσι.
620 466 709 499 Hinc
735 467 776 499 ad
807 467 873 500 alia
905 467 1121 510 significanda
1146 477 1304 512 usurpata

165 533 229 552 vox
254 520 336 562 suit3
360 534 482 566 nempe
506 535 570 567 pro
597 523 724 562 fasciis,
750 523 871 567 quibus
896 536 1042 556 coronae
1067 523 1306 568 circumplica-

164 577 308 618 bantur;
338 590 401 621 pro
436 578 641 612 lineamento
667 580 854 611 convoluto
887 579 1083 613 vulneribus
1107 579 1307 622 inserendo;

164 632 370 677 demumque
395 646 459 678 pro
483 644 565 668 nota
590 635 777 675 librorum,
803 636 844 669 de
869 649 934 681 qua
960 636 1155 669 Isidorus;«
1192 636 1308 670 »„Li·

164 689 328 728 mniscus,
365 688 402 722 id
435 699 501 730 est,
538 691 665 733 virgula
699 691 788 724 inter
817 692 968 734 geminos
1005 701 1150 738 punctos
1185 692 1307 739 jacens,

165 745 350 790 apponitur
373 746 406 780 in
430 747 470 780 iis
496 746 598 787 locis,
631 760 715 792 quae
748 761 861 781 sacrae
893 748 1080 794 scripturae
1105 748 1308 794 interpretes

166 802 290 835 eodem
327 815 442 844 sensu,
479 804 539 837 sed
574 803 714 837 diversis
749 802 961 837 sermonibus
997 806 1305 839 transtulerunt.««

167 858 268 891 »Hac
297 859 425 904 triplici
457 859 699 902 significatione
727 873 791 893 vox
821 863 1017 905 λημνίσκοις
1041 871 1202 906 usurpata
1227 861 1305 901 fuit,

164 926 290 959 nempe
313 915 354 948 ad
384 929 437 949 res
469 916 701 959 significandas
733 917 879 959 angustis
908 917 1017 950 fasciis
1047 917 1193 957 similes,
1226 930 1307 962 quas

165 969 365 1016 Syracusani
381 975 601 1016 λημνίσκους
620 975 796 1006 vocabant.
836 973 918 1006 Inde
942 982 1082 1007 vocatus
1096 973 1307 1013 Lemniscus,

165 1025 237 1059 sive
260 1027 347 1061 linea
373 1028 475 1061 vittae
500 1042 597 1062 more
617 1031 756 1075 ,depicta
783 1042 859 1061 cum
877 1029 1010 1062 duobus
1031 1029 1177 1074 punctis,
1198 1030 1306 1063 altero

165 1094 328 1126 superne,
364 1083 472 1117 altero
504 1085 636 1118 inferne
669 1085 808 1130 positis,
847 1084 894 1117 sic
925 1099 990 1125 -:—,
1021 1085 1308 1132 Hypolemuiscus

165 1151 248 1170 vero
274 1148 354 1172 tunc
378 1150 529 1181 vocatur,
558 1155 633 1174 cum
659 1155 727 1174 uno
753 1142 864 1174 solum
882 1150 1012 1185 puncto
1037 1141 1125 1174 linea
1149 1141 1308 1183 signatur,

165 1193 213 1226 sic
236 1217 300 1232 -,-.
350 1196 543 1230 Obelorum
567 1207 680 1230 autem
707 1207 738 1230 et
756 1197 1002 1230 Asteriscorum
1020 1197 1101 1231 haec
1119 1207 1167 1230 est
1184 1197 1309 1240 figura;

166 1250 359 1285 Obelorurn
389 1254 531 1298 quidem
561 1255 624 1288 sic:
662 1257 732 1294 2—,
764 1254 1012 1287 Asteriscorum
1038 1266 1120 1286 vero
1152 1253 1217 1286 sic:
1252 1253 1307 1299 *-

168 1306 265 1349 Quae
289 1319 368 1353 post
387 1310 592 1343 Asteriscum
618 1312 843 1355 ponebantur,
868 1309 976 1354 inquit
995 1322 1067 1354 cap.
1083 1310 1140 1342 lV.
1165 1322 1257 1342 num.
1274 1309 1307 1344 3.

165 1361 257 1395 idem
282 1365 326 1398 D.
350 1365 517 1401 Bernard.
547 1367 590 1400 de
616 1367 858 1405 montfaucon,
892 1378 931 1397 ex
968 1365 1119 1398 editione
1145 1365 1308 1398 Theodo-

166 1419 270 1452 tionis
302 1430 339 1453 ut
363 1422 549 1466 plurimum
582 1434 738 1469 excerpta
768 1432 879 1461 erant,
911 1434 981 1454 non
1014 1421 1245 1466 infrequenter
1268 1434 1306 1454 ex

168 1476 311 1521 Aquila3
336 1478 517 1520 interdum,
542 1481 608 1513 sed·
619 1480 736 1522 rarius,
762 1493 799 1512 ex
814 1478 1037 1525 Symmaclio;
1062 1491 1306 1523 nonnunquam

168 1545 206 1564 ex
243 1534 394 1574 duobus,
430 1537 484 1569 vel
523 1549 560 1569 ex
597 1537 704 1570 tribus
741 1536 853 1569 simul.
901 1534 1059 1579 Exempli
1095 1547 1191 1567 causa
1226 1534 1307 1567 Job.

167 1589 323 1630 XXXII,
351 1592 402 1626 12.
429 1593 481 1628 13.
517 1593 562 1638 ᾗ
615 1597 653 1627 Θ
690 1595 759 1628 καὶ·
780 1596 884 1638 μέχρι
915 1590 1019 1636 [μῶν
1044 1589 1206 1633 συνήσω·
1245 1593 1307 1624 καὶ

167 1645 269 1689 ἰδοὺ,
297 1648 363 1682 οὐκ
388 1643 434 1692 ἧν
457 1652 505 1694 τῷ
531 1649 608 1694 ’Ῐώβ
635 1652 814 1694 ἐλέγχων,
841 1648 932 1683 (ivm
965 1647 1012 1693 ff
1043 1645 1306 1691 ποκρινόμειός

168 1699 310 1745 ῥήματα
337 1705 448 1740 αὐτοῦ
475 1707 511 1745 ἐξ
530 1706 651 1749 ὑμῶν’
679 1709 738 1740 ἵιίι
762 1705 812 1751 μὴ
833 1708 970 1746 εἴπητε·
997 1701 1152 1747 εὕρομεν
1168 1706 1307 1746 σου-ίαν

168 1761 232 1791 τοῦ
258 1762 345 1793 θεοῦ
370 1765 640 1804 προσθέμενοι·
678 1762 737 1795 ubi
772 1760 1034 1798 animadvertas,
1067 1772 1142 1792 curn
1174 1759 1306 1805 aliquid

169 1814 222 1846 vel
248 1828 286 1847 ex
315 1815 573 1858 Theodotione‚
599 1819 653 1850 vel
679 1831 717 1850 ex
743 1818 816 1850 aliis
841 1816 1054 1860 adjiceretur,
1079 1816 1105 1848 si
1131 1816 1167 1849 id
1192 1815 1304 1856 initio,

167 1869 237 1902 sive
262 1871 294 1903 in
321 1874 448 1913 medio,
474 1875 543 1907 sive
570 1874 603 1906 in
628 1875 694 1907 fine
719 1874 828 1907 lineae
853 1873 988 1917 jaceret,
1013 1873 1199 1917 praemisso
1217 1885 1306 1904 sem-

168 1939 230 1971 per
243 1929 412 1961 Asterisco
438 1931 591 1963 additum
616 1931 729 1969 fuisse,
754 1929 917 1973 appositis
942 1937 1019 1973 post
1038 1929 1306 1961 additamentum

169 1985 303 2018 duobus
339 1986 483 2030 punctis.
532 1986 569 2019 Si
602 2001 682 2020 vero
707 1987 974 2019 additamentum
1007 1983 1093 2017 illud
1124 1985 1165 2017 ad
1190 1985 1304 2029 plures

170 2041 271 2074 lineas
298 2043 543 2081 extraheretur,
575 2043 671 2075 initio
701 2042 880 2088 cujuslibet
905 2041 1012 2073 lineae
1038 2042 1224 2075 Asteriscus
1247 2054 1305 2086 ap-

170 2097 388 2141 pingebatur,
424 2099 532 2131 donec
564 2108 675 2131 totum
707 2100 893 2137 desineret,
932 2098 1047 2142 ibique
1080 2099 1148 2130 duo
1180 2089 1303 2142 puncta

171 2154 330 2187 crassior-a
363 2156 404 2188 de
439 2168 534 2187 more
565 2155 804 2199 pingebantur:
842 2168 926 2199 quae
957 2164 1069 2187 tamen
1102 2154 1302 2198 plerumque

171 2211 383 2253 negliguntur
401 2211 434 2244 in
449 2212 540 2251 Mss.,
565 2212 759 2256 praesertim
780 2213 913 2256 quando
940 2211 1166 2244 additamenta
1191 2209 1302 2254 liujus-

170 2267 266 2300 modi
292 2268 500 2309 longiuscula
524 2277 610 2301 sunt.
650 2269 684 2300 ln
712 2268 943 2301 vetustissimis
959 2267 1068 2301 Codd.
1083 2265 1301 2304 Coisliniano,
