1422 2472
347 70 660 104 Omczmmoaum
686 70 802 104 Lmen
827 70 890 103 111.
1122 66 1190 102 213

54 159 132 194 cubi
156 159 268 192 dicere
294 159 338 192 ait
363 160 522 193 Rufinus:
538 161 571 204 ¹)
609 159 902 193 »confoederatos
926 171 996 191 esse
1021 157 1186 202 quosdam

52 220 190 264 Origeni
219 221 261 253 ad
292 220 497 266 perjurium,
523 230 556 254 et
587 221 674 254 istud
706 221 865 267 mysticae
891 220 960 266 ejus
992 217 1183 252 traditionis

49 295 205 316 arcanum
229 283 464 315 absconditum
490 295 560 315 esse
584 282 617 314 in
642 293 736 316 sexto
753 284 962 317 stromatum
987 280 1096 321 libro;
1121 292 1184 311 nee

48 345 89 377 ab
113 344 186 376 ullo
212 343 280 376 alio
306 343 339 375 in
364 353 416 376 tot
440 343 592 383 saeculis,
618 344 681 377 nisi
705 358 722 377 a
747 357 781 377 se
805 344 881 377 solo
903 342 1180 387 deprehensum«

46 407 85 439 ln
110 404 294 438 Prooemio
320 417 400 437 vero
427 405 655 439 Commentar.
679 407 713 439 in
739 406 873 451 epistol.
900 405 944 437 ad
969 403 1078 436 Galat.
1103 401 1181 435 Ori-

47 480 165 509 genem
190 465 308 499 scribit
331 466 501 498 decimum
526 466 743 499 Stromateon
768 479 906 499 suorum
931 465 1056 497 librum
1076 463 1179 497 Com-

45 529 170 562 matico
203 540 304 572 super
336 526 570 571 explanatione
597 527 761 572 epistolae
794 528 836 560 ad
861 527 997 559 Galatas
1020 537 1177 559 sermone

45 589 287 634 complevisse:
322 597 355 621 et
379 588 412 620 in
439 597 538 633 caput
564 588 617 624 13.
642 589 775 622 Daniel.
801 588 964 633 quaedam
989 587 1035 620 ait
1066 587 1178 631 ipsum

43 652 78 685 in
104 651 225 684 eodem
249 651 468 683 stromateon
494 649 580 682 libro
607 651 648 682 de
673 651 844 683 Susannae
879 659 913 682 et
935 649 1028 682 Belis
1052 647 1175 680 fabulis

42 712 173 746 dixisse.
222 711 314 755 Quin
339 710 440 742 etiam
465 710 499 742 in
524 710 621 755 epist.
639 711 691 746 65.
717 712 759 744 ad
776 711 968 744 Pammach.
995 719 1028 743 et
1045 710 1171 743 Ocean.

42 787 113 819 cap.
136 773 187 814 2.,
218 772 388 807 neminem
412 771 608 805 Latinorum
640 773 785 806 affirmat
809 782 885 806 ante
909 785 1002 805 suam
1027 780 1172 804 aetatem

41 836 146 868 libros
171 834 326 876 Origenis
356 835 398 866 de
423 834 701 875 Resurrectione‚
732 837 816 881 περὶ
846 835 992 881 ἀρχῶν,
1020 834 1172 867 stroma-

39 906 118 937 teas,
143 905 176 929 et
193 896 324 929 Tomos
347 895 527 929 transferre
552 896 710 936 voluisse,
735 905 878 941 propter
899 895 1086 928 novitatem
1110 893 1172 926 sci-

40 959 119 991 licet
143 957 326 990 doctrinae.
367 957 540 1002 Quoniam
564 957 665 1000 igitur
689 958 731 990 ad
754 958 973 991 Stromateon
988 955 1172 990 Clementis

39 1020 231 1064 exemplum
256 1032 335 1052 suos
358 1028 596 1064 composuerat
620 1019 802 1060 Origenes,
826 1029 864 1052 ut
886 1019 1073 1053 accuratius
1097 1031 1173 1062 per-

38 1091 190 1127 spectum
216 1081 338 1112 habere
362 1080 480 1124 possis,
505 1093 571 1124 quo
598 1079 650 1111 illi
675 1080 708 1112 in
734 1090 930 1122 argumento
951 1079 1081 1119 versati,
1106 1092 1172 1123 qua

38 1153 107 1176 arte
144 1142 272 1176 conditi
308 1141 391 1182 sint,
427 1142 499 1184 lege
530 1141 738 1174 Eusebianae
772 1141 941 1174 Historiae
974 1141 1052 1174 libri
1085 1140 1170 1173 sexti

40 1213 141 1249 caput
165 1203 335 1236 decimum
360 1202 515 1243 tertium,
540 1202 598 1234 ubi
623 1203 664 1235 de
690 1203 750 1235 hac
776 1203 960 1236 Clementis
984 1203 1169 1247 scriptione

41 1265 224 1299 disseritur.

125 1327 182 1360 1V.
221 1325 326 1369 Quod
351 1325 471 1358 attinet
494 1326 535 1358 ad
560 1326 685 1358 librum
711 1326 753 1358 de
779 1325 962 1373 Martyrio,
986 1326 1028 1357 de
1053 1337 1094 1357 eo
1119 1324 1166 1357 ita

38 1387 316 1422 commemoravit
348 1387 575 1433 Hieronymus
612 1387 687 1420 libr.
721 1388 762 1419 de
799 1387 954 1431 scriptor.
987 1385 1168 1419 ecclesiast.

39 1463 110 1495 cap.
134 1449 188 1484 67.
213 1449 261 1482 lais
287 1448 414 1482 verbis:
465 1450 691 1482 »Ambrosius
716 1448 935 1481 confessionis
965 1448 1168 1481 Dominicae

36 1512 142 1555 gloria
165 1510 301 1553 insignis
326 1510 409 1550 fuit,
441 1510 494 1543 cui
518 1510 716 1543 Theoctisto
748 1512 946 1557 presbytero
975 1510 1063 1542 liber
1087 1509 1167 1543 Ori-

36 1574 127 1617 genis
153 1574 194 1606 de
219 1571 384 1618 Martyrio
415 1571 603 1604 scribitur.«
653 1572 848 1613 Legendum
879 1572 1036 1605 omnino:
1075 1572 1168 1612 »cui‚

37 1645 71 1668 et
93 1635 329 1669 Theoctisto.«
379 1633 418 1665 Id
449 1633 476 1665 si
501 1633 638 1665 vidisset
661 1633 826 1677 interpres
852 1633 1018 1674 Graecus,
1051 1635 1164 1667 absur-

39 1698 115 1730 dam
150 1697 236 1728 hanc
269 1694 368 1728 nobis
411 1694 727 1739 interpretationem
766 1695 962 1740 neutiquam
1002 1695 1164 1728 dedisset:

43 1757 166 1803 Τούτῳ
193 1760 407 1793 Θεοκτίστου
431 1760 675 1802 πρεσβυτέρου
707 1759 829 1800 βίβλος
850 1756 1058 1804 Ώριγένους
1081 1760 1165 1804 περὶ

40 1822 252 1864 ΝῙαρτυρίου
276 1816 470 1865 γράφεται.
519 1817 662 1850 Videtur
686 1817 820 1860 legisse:
863 1818 953 1852 »Cui
978 1819 1166 1852 Theoctisti

39 1881 224 1927 presbyteri
264 1881 393 1921 liber‚«
422 1889 484 1913 etc.
537 1879 773 1912 Theoctistum
812 1880 967 1913 nominat
1001 1881 1167 1926 Hierony-

41 1956 126 1982 mus,
151 1942 206 1987 qui
231 1943 272 1974 ab
289 1942 437 1975 Eusebio
463 1942 680 1974 Protoctetus
703 1943 904 1986 appellatur.
953 1942 1167 1976 Theoctistus

43 2003 262 2038 Caesariensis
293 2004 357 2036 fuit
389 2003 586 2048 episcopus;
622 2004 838 2036 Protoctetus
875 2004 1024 2048 ejusdem
1061 2005 1167 2037 eccle-

42 2067 108 2099 siae
154 2067 343 2110 presbyter:
390 2078 568 2110 perperam
619 2078 676 2098 eos
717 2067 893 2098 confundit
931 2066 1167 2111 Hieronymus.

43 2129 260 2174 ProtoctetO,
306 2139 374 2159 non
414 2127 612 2159 Theoctisto
653 2126 832 2172 inscriptus
871 2138 918 2160 est
967 2128 1052 2162 liber
1099 2128 1169 2168 iste,

147 2249 176 2294 ¹)
203 2248 272 2282 Csr.
298 2248 409 2282 Rufio.
437 2250 560 2283 invect.
591 2251 628 2283 ll.
