1422 2472
369 79 553 110 ΑΡοιοῦιΑ
585 87 654 110 pao
680 78 856 111 Omonun.
1111 75 1177 110 299

52 165 214 206 veritatis,
230 167 260 211 ¹)
293 180 390 212 quam
425 167 580 200 omnibus
610 166 772 212 proximis
795 165 917 198 nostris
941 178 1016 198 cum
1042 165 1176 199 caritate

51 226 208 272 jubemur
233 230 432 273 expendere,
456 227 681 270 intelligerent
715 237 745 260 ct
772 228 879 272 ipsum
904 240 1007 259 unum
1033 228 1073 260 de
1097 241 1178 272 pro-

49 287 144 321 ximis
168 302 248 329 csse,
273 292 394 335 quibus
420 291 589 323 caritatem
621 302 657 322 ex
682 290 839 322 mandato
864 289 1043 329 debemus,
1069 299 1104 321 et
1127 302 1177 321 as-

48 359 177 383 sumtos
211 351 316 384 libros
350 351 421 396 ejus
453 352 600 394 legerent
624 364 700 383 cum
725 364 761 383 ca
788 350 898 389 venia,
924 363 1023 394 quam
1048 350 1120 395 ipse
1144 350 1177 383 in

49 411 316 445 Praefationibus
339 413 405 446 suis
431 413 602 458 deposcit,
637 412 744 445 sicubi
769 411 865 444 venia
889 411 1025 453 dignum
1049 411 1178 456 aliquid

47 472 243 507 invenirent.
292 475 388 507 Nunc
419 488 498 507 vero
529 487 546 506 e
579 473 747 506 contrario
774 473 885 506 videas
908 485 965 505 eos
990 473 1177 507 maledictis

49 533 185 578 quidem
219 535 419 580 probrisque
457 535 538 568 mihi
552 536 586 580 ²)
620 548 688 567 non
719 547 873 580 parcere:
905 547 963 567 eos
988 548 1087 575 vero,
1118 535 1177 580 qui

47 595 297 640 Scripturarum
327 596 621 639 intelligendarum
657 596 841 628 secundum
878 596 1072 628 mandatum
1102 597 1176 629 Do-

49 656 131 689 mini
165 667 199 690 ct
228 658 415 692 Salvatoris
447 658 553 690 nostri
582 658 729 690 studium
754 667 892 699 gerunt,
924 671 941 690 a
965 658 1111 691 lectione
1136 659 1176 692 li-

20 759 30 771 *
48 719 187 751 brorum
202 719 272 765 ejus
289 721 468 760 deterrere,
484 720 653 763 quaelibet
669 719 769 751 etiam
786 719 820 764 ³)
845 719 909 751 alia
927 719 1049 763 inepta,
1075 720 1176 753 etiam

47 779 130 811 nihil
153 768 349 825 profutura,
379 780 493 825 potius
508 779 541 825 ⁴)
573 793 671 825 quam
702 781 792 813 illius
817 781 1087 814 Commentarios
1111 782 1176 824 legi

48 841 172 874 debere
195 843 409 874 affirmantes.
447 843 481 874 In
497 841 617 887 quibus
640 855 739 887 saepe
764 843 863 875 etiam
887 842 1022 875 ridiculi
1045 843 1175 888 aliquid

45 902 116 946 pati
138 902 258 937 solent.
305 904 391 936 Nam
414 913 452 936 ut
475 917 593 936 eorum
618 904 828 937 contentiosa
851 904 1076 949 praesumtio,
1111 906 1176 945 vel,

46 972 83 996 ut
107 964 216 998 verius
240 965 359 1004 dicam,
383 964 652 1011 praejudicata⁵)
676 966 807 998 vesania
827 965 957 998 facilius
976 967 1174 1008 declaretur,

47 1024 200 1058 accidere
223 1027 310 1059 solet
337 1027 389 1059 vel
415 1040 507 1067 casu,
540 1028 592 1060 vel
617 1027 785 1060 interdum
808 1027 943 1067 studio,
978 1038 1014 1060 ut
1037 1029 1174 1062 nomine

50 1086 83 1118 in
110 1087 238 1120 Codice
262 1100 332 1120 non
358 1088 574 1133 praetitulato
599 1089 727 1130 legatur
749 1087 876 1132 aliquid
901 1088 1004 1133 ipsius
1030 1090 1063 1122 in
1088 1091 1175 1123 auri-

46 1149 108 1180 bus
133 1149 399 1182 obtrectatorum
423 1149 515 1194 quasi
539 1150 673 1182 altcrius
698 1149 915 1182 Tractatoris.
962 1150 1068 1193 Quod
1091 1161 1175 1184 tam-

48 1208 106 1242 diu
130 1209 243 1254 placet
266 1220 299 1244 et
323 1211 494 1251 laudatur,
524 1220 622 1255 atque
647 1210 680 1242 in
698 1211 731 1254 ⁶)
759 1210 851 1243 omni
874 1211 1096 1245 admiratione
1118 1214 1173 1247 ha-

45 1271 154 1311 betur,
179 1271 339 1316 quamdiu
362 1286 485 1305 nomen
509 1286 578 1305 non
602 1272 704 1304 fuerit
726 1272 918 1306 indicatum.
957 1275 1001 1306 At
1018 1274 1075 1306 ubi
1096 1275 1174 1309 Ori-

45 1332 137 1373 genis
160 1333 291 1374 cognita
314 1334 439 1366 fuerint
463 1347 532 1366 esse
550 1347 633 1378 quae
647 1334 835 1378 placebant,
858 1334 969 1367 statim
984 1334 1174 1380 displicent,

47 1393 158 1426 statim
183 1395 346 1428 haeretica
372 1409 441 1429 esse
467 1395 641 1428 dicuntur:
667 1404 700 1427 et
725 1408 772 1435 ea,
796 1408 879 1440 quae
904 1396 1006 1440 paulo
1031 1407 1106 1430 ante
1130 1400 1172 1431 ad

48 1455 182 1488 coelum
205 1470 310 1501 usque
334 1458 539 1499 serebantur,
559 1457 678 1490 iisdem
697 1456 834 1490 vocibus
854 1458 1037 1503 eademque
1063 1460 1172 1502 lingua

47 1530 152 1562 usque
176 1519 217 1550 ad
243 1518 368 1551 inferos
393 1519 638 1560 demerguntur.
685 1518 861 1551 Praeterea
893 1519 992 1552 etiam
1012 1520 1098 1553 illud
1124 1532 1173 1555 est

48 1578 217 1620 invenire,
247 1581 340 1624 quod
371 1592 610 1623 nonnunquam
640 1579 721 1612 tales
753 1590 829 1613 sunt
858 1591 1066 1614 accusatores
1091 1583 1171 1628 ejus,

48 1640 106 1685 qui
128 1654 191 1674 nec
215 1641 378 1674 Graecam
391 1640 546 1673 noverint
564 1641 726 1682 linguam:
750 1641 806 1674 alii
821 1642 854 1685 7)
880 1643 1087 1676 omnimodis
1108 1645 1170 1678 im-

144 1786 277 1863 ¹>Ipsa
302 1786 472 1830 plerique:
498 1788 673 1827 veritatis;
699 1786 783 1819 Cod.
809 1799 888 1818 vero
908 1787 1048 1830 Regius:
1073 1794 1166 1825 veri.-

49 1837 159 1863 latem.
218 1857 224 1863 .

139 1886 173 1929 ²)
199 1886 395 1919 Restituitur
417 1888 499 1920 milli
523 1887 631 1930 (quod
656 1887 747 1918 deest
773 1886 804 1918 in
831 1887 905 1921 edd.
930 1888 996 1933 Μ.)
1021 1903 1059 1923 ex
1082 1891 1168 1925 Cod„

50 1931 254 1974 Corbejensi.
281 1932 318 1964 R.

139 1989 173 2032 ³)
198 1988 303 2020 Deest
324 1989 425 2020 etiam
449 1987 481 2020 in
506 1988 581 2022 edd.
605 1989 652 2022 M.

142 2043 175 2087 ⁴)
200 2044 304 2075 Deest
326 2045 437 2087 polius
462 2043 495 2075 in
520 2045 594 2077 edd.
621 2045 667 2077 M.

47 2129 53 2132 ,
144 2098 176 2141 ³)
202 2098 293 2131 Editi
319 2103 368 2143 (v.
394 2113 420 2132 c.
450 2100 526 2132 edd.
557 2101 621 2144 M.)
643 2102 933 2144 pran'udicaeris.
961 2103 1038 2135 Mss.
1058 2118 1164 2148 prac—

48 2145 214 2187 judicata.
239 2143 278 2176 R.

143 2198 177 2242 ⁶)
201 2199 305 2231 Deest
328 2201 365 2233 in
389 2201 420 2232 in
447 2201 520 2233 cdd.
547 2202 593 2233 M.

146 2253 176 2298 ⁷)
203 2254 287 2288 Edd.
315 2254 359 2287 M.
386 2255 449 2289 alii
473 2259 559 2290 omni
586 2259 685 2290 modo.
