1422 2472
403 68 585 100 Apozocm
611 76 680 101 mio
707 66 885 100 OMGENE.
1148 63 1215 97 405

87 166 154 185 non
178 153 243 186 sint
268 155 441 198 dogmata3
464 157 523 189 sed
548 157 762 190 discussionis
779 157 881 199 gratia
898 154 1073 195 dictasint,
1098 163 1131 186 et
1154 154 1212 186 ab-

86 214 250 259 jiciantur.
296 217 364 249 Pro
391 202 561 250 eoi-*nutem
575 218 651 251 solo
669 218 857 258 dictasunt,
881 231 923 250 ne
938 217 1089 250 videatur
1112 227 1212 260 quae-

84 277 148 310 stio
172 287 275 318 mota,
299 291 368 312 non
393 292 463 313 esse
487 280 668 312 discussa.“

171 339 450 375 PAMPHILUS.
496 342 565 375 Sed
596 342 679 374 haec
710 341 743 374 in
775 354 816 374 eo
846 342 924 374 loco
950 340 1053 380 dixit,
1086 339 1121 371 in
1144 351 1210 383 quo

85 401 125 433 de
150 401 321 434 animabus
345 403 539 436 animalium
563 403 772 448 requirebat,
802 416 870 435 non
886 403 917 448 ¹)
950 403 991 435 de
1015 409 1211 435 transmuta-

83 462 174 495 tione
203 464 400 500 animarum.
451 465 505 497 De
537 464 725 497 animarum
760 478 840 497 vero
871 462 1148 497 transmutatione
1176 461 1211 493 in

81 525 226 569 septimo
265 525 353 559 libro
387 525 422 559 in
451 526 671 568 Evangelium
710 528 894 560 secundum
927 527 1133 560 Matthacum
1164 523 1210 556 ita

81 585 208 619 scribit.

547 711 743 718 ——-

265 819 453 864 Responsio
469 821 502 866 ²)
533 821 574 854 ad
599 833 722 854 nonam
746 819 1024 853 criminationem.

422 911 754 954 CAPUT
821 915 875 952 X.

356 1010 385 1042 D
392 1023 409 1043 e
433 1011 709 1044 transmutatione
735 1011 930 1043 animarum.

170 1100 413 1134 ORIGENES.
461 1100 632 1144 „Quidam
649 1102 682 1147 ³)
708 1101 844 1146 quidem
869 1100 1042 1146 opinati⁴)
1066 1108 1143 1132 sunt
1167 1111 1204 1130 ex

79 1177 130 1202 eo,
155 1163 247 1207 quod
272 1162 400 1196 dictum
426 1171 490 1194 est:
516 1163 641 1206 Ipse⁵)
666 1173 715 1196 est
737 1163 845 1203 Elias,
877 1162 933 1208 qui
958 1171 1115 1194 venturus
1140 1169 1205 1193 est:

78 1224 222 1257 animam
259 1224 353 1257 Eliae
396 1224 581 1268 eandemfl)
618 1225 719 1258 fuisse
759 1238 857 1270 quam
893 1223 1040 1257 Joannis.
1102 1223 1206 1266 Quod

176 1394 207 1437 ¹)
232 1392 325 1425 Editi
350 1392 397 1436 (v.
423 1406 450 1425 c.
477 1393 553 1425 edd.
577 1392 645 1437 M.)
677 1402 767 1444 Ρο-εῐ
785 1392 865 1425 haec
898 1394 1014 1425 verba·
1043 1405 1132 1433 „non
1161 1392 1203 1424 de

80 1438 354 1472 transmutatione
385 1437 603 1477 animarum,“
635 1438 727 1482 quasi
758 1438 792 1470 in
823 1438 922 1470 titulo
955 1451 1032 1470 mox
1065 1438 1204 1470 habent:

80 1486 141 1525 ‚ln
164 1483 309 1527 septimo
334 1483 422 1515 libro
455 1482 489 1515 in
518 1483 736 1525 Evangelium
769 1485 952 1515 secundum
985 1484 1205 1534 Matthaeum,

78 1510 124 1562 ita
148 1528 264 1562 scribit
290 1529 331 1560 de
355 1528 540 1560 animarum
563 1529 875 1561 transmutatione.¹‘
912 1529 980 1561 Sed
1004 1529 1085 1561 Mss.
1110 1537 1147 1560 ut
1170 1528 1203 1560 in

78 1584 195 1607 nostru
221 1583 322 1612 textu,
346 1573 408 1606 nisi
432 1575 523 1617 quod
538 1573 673 1618 quidam
693 1574 849 1606 omittant
872 1577 1012 1613 ‚.vero,“
1037 1583 1068 1606 et
1089 1586 1204 1606 omnes

80 1621 237 1652 habeant:
263 1618 318 1659 „in
343 1618 572 1659 Evangelio;“
604 1620 663 1651 sed
693 1619 908 1651 scribendum
944 1618 1095 1652 duximus
1114 1631 1203 1651 >cum

79 1665 177 1698 editis
201 1667 247 1709 (e.
274 1677 301 1697 c.
327 1664 403 1697 edd.
428 1664 494 1708 Μ.)
518 1664 572 1704 „in
598 1664 852 1706 Evangelium.“
876 1665 917 1697 R.

171 1721 204 1765 ²)
230 1719 383 1753 Titulum
408 1719 512 1752 hunc:
544 1720 756 1764 „Responsio
788 1721 828 1753 ad
853 1733 975 1753 nonam
1001 1719 1204 1752 criminatio-

77 1779 167 1799 nem.
215 1765 325 1809 Caput
347 1765 390 1797 X.
437 1765 490 1796 De
514 1765 788 1798 transmutatione
811 1767 1041 1799 animarum:“
1072 1766 1113 1798 de
1143 1778 1203 1797 no-

77 1821 146 1844 stro
174 1810 365 1843 addidimus
390 1810 431 1842 ad
457 1809 632 1842 clariorem
657 1810 766 1843 libelli
790 1811 1008 1852 divisionem;
1031 1824 1092 1843 nec
1116 1811 1203 1843 enim

79 1857 112 1889 in
139 1856 236 1889 editis
261 1856 307 1899 (v.
333 1868 360 1888 c.
385 1855 461 1887 edd.
486 1856 564 1899 Μ),
588 1869 650 1888 nec
675 1855 707 1887 in
732 1857 811 1889 Mss.
838 1866 1020 1901 comparet.
1047 1857 1085 1889 R.

171 1913 204 1957 ³)
229 1912 391 1944 Desumta
414 1921 490 1944 sunt
514 1912 593 1944 haec
617 1913 717 1944 verba
741 1925 778 1944 ex
804 1913 896 1954 Orig
922 1913 953 1945 in
980 1926 1027 1944 ev.
1043 1912 1203 1944 Matthaei

81 1956 361 1990 Commentarior.
386 1957 498 1989 Tomo
525 1958 599 1990 Vll.
627 1958 697 1992 Cfr.
727 1958 778 1992 ed.
802 1968 908 1991 nostr.
932 1958 1031 1990 Tom.
1057 1958 1096 1990 V.
1128 1970 1200 2001 pag

77 2003 154 2038 309
175 2016 243 2047 seq.

173 2058 206 2102 4)
232 2059 280 2090 lta
312 2072 426 2090 omnes
458 2059 536 2092 Mss.
574 2059 690 2092 nostri.
737 2059 829 2092 Editi
861 2069 971 2092 autem
1002 2060 1048 2103 (v.
1074 2072 1099 2090 c.
1125 2059 1200 2091 edd.

80 2105 144 2149 Ἦ.)
171 2104 373 2147 „opinantur
397 2117 433 2135 ex
459 2109 523 2136 eo“
548 2114 609 2137 etc.

173 2161 243 2203 ⁵1)
232 2160 600 2200 Mauh.X1‚14.—
632 2161 718 2194 Edd.
744 2161 791 2194 M.
824 2170 1011 2194 constanter
1044 2160 1201 2201 „Helias“

81 2216 112 2239 ct
139 2205 311 2246 „Heliae.“

174 2262 208 2305 ⁶)
234 2262 281 2294 lta
316 2275 430 2295 omnes
464 2262 541 2295 Mos.
577 2262 690 2295 nostri.
738 2262 833 2295 Edit't
863 2272 971 2295 autem
1002 2263 1046 2306 (v.
1074 2275 1099 2295 c.
1125 2262 1200 2294 edd.
