1422 2472
375 94 557 124 Arctoam
590 101 658 124 PRO
685 92 860 124 Omenmr..
1113 92 1175 126 321

58 182 193 213 verbum
219 181 421 214 defensionis
446 182 523 227 ejus.
574 181 699 213 lndicat
723 194 800 222 crgo
833 181 912 226 quid
950 182 990 213 (le
1014 182 1090 214 Deo
1114 183 1175 215 Pa-

56 251 106 275 tre
130 242 361 287 omnipotente
385 243 521 274 senserit
545 242 578 274 in
603 243 651 274 his
677 243 755 287 ipsis
783 243 887 282 libris,
913 244 968 287 qui
993 257 1090 288 quani
1109 257 1175 276 ma·

56 303 141 336 xime
166 305 206 336 :ib
229 304 475 337 accusatoribus
501 304 719 343 celebrantur,
740 305 770 348 ¹)
795 305 829 336 id
854 314 913 344 est,
938 308 1017 349 περὶ
1045 305 1175 350 ἀρχῶν,

56 365 200 398 scribens
225 365 315 398 haec.

393 575 727 618 CAPUT
786 577 833 617 ΙΙ.

340 676 392 707 De
417 676 492 707 Deo
518 676 615 708 Patre
648 675 891 719 omnipotente.

146 758 387 799 ORlGENES'.
430 765 598 809 »Omni²)
623 764 724 806 igitur
747 778 854 804 sensu,
879 766 936 810 qui
954 768 1130 810 corporale
1143 766 1176 812 ³)

56 826 182 871 aliquid
207 827 248 859 de
274 827 349 858 Deo
375 826 515 867 intelligi
539 826 691 867 suggerit,
715 836 817 871 prout
848 827 1036 871 potuimus,
1062 830 1178 861 consu-

56 898 137 928 tato,
161 888 301 921 dicimus
324 888 506 920 secundum
540 888 710 920 veritatem
743 889 878 933 quidem
910 889 1020 921 Deum
1052 891 1179 923 incom-

56 949 315 994 prehensibilem
340 962 427 988 esse,
459 959 558 994 atque
589 950 875 983 inaestimabilem.
923 951 959 984 Si
984 951 1064 996 quid
1090 953 1177 985 euin·

55 1011 140 1043 illud
166 1021 225 1051 est,
250 1011 340 1055 quod
365 1011 485 1043 sentire
511 1012 564 1043 vel
587 1011 772 1053 intelligere
798 1013 838 1044 de
859 1013 936 1044 Deo
960 1015 1180 1058 potuerimus,

57 1073 169 1105 multis
194 1074 291 1115 longe
316 1072 426 1105 modis
451 1086 526 1104 eum
553 1072 728 1104 meliorem
754 1086 822 1105 esse
847 1075 887 1106 ab
912 1087 964 1114 eo,
990 1077 1080 1120 quod
1106 1090 1181 1109 sen-

57 1138 169 1174 simus,
193 1148 326 1167 necesse
351 1143 399 1166 est
419 1134 519 1166 credi.
555 1134 649 1167 Sicut
677 1134 763 1166 enim
789 1135 815 1166 si
840 1134 1009 1168 videamus
1033 1137 1179 1181 aliquem

58 1197 108 1228 vix
134 1209 231 1241 posse
255 1196 432 1229 scintillam
459 1196 610 1236 luminis,
635 1206 689 1228 aut
712 1196 926 1229 brevissimae
951 1198 1105 1231 lucernae
1130 1199 1180 1231 lu·

58 1271 134 1290 men
159 1257 348 1302 adspicer03
373 1267 405 1290 et
429 1271 504 1290 eum
531 1258 622 1304 cujus
647 1259 732 1290 acies
765 1259 942 1291 oculorum
975 1260 1051 1303 plus
1082 1261 1180 1293 lumi-

59 1320 108 1352 nis
134 1332 262 1364 capere,
287 1333 384 1364 quam
409 1333 507 1364 supra
532 1320 683 1359 diximus,
707 1333 774 1352 non
801 1322 896 1360 valet,
921 1321 947 1353 si
975 1322 1112 1355 velimus
1137 1325 1178 1356 de

59 1382 206 1414 claritate
241 1391 273 1413 et
286 1381 318 1425 4)
351 1382 530 1425 splendore
561 1381 641 1414 solis
673 1383 830 1416 edocere:
865 1396 975 1415 noune
1009 1386 1178 1428 oportebit

59 1457 119 1477 nos
145 1444 175 1475 ei
199 1443 320 1484 dicere,
345 1443 422 1487 quia
448 1443 539 1475 omni
564 1443 628 1475 boc
653 1444 796 1483 lumine,
821 1446 911 1488 quod
938 1446 1037 1487 vides,
1062 1447 1179 1480 ineffa-

60 1505 174 1537 biliter
207 1514 239 1536 et
268 1504 553 1536 inaestimabiliter
582 1505 705 1537 melior
736 1515 767 1538 et
786 1507 817 1550 ⁵)
848 1508 1070 1550 praestantior
1099 1510 1178 1541 solis

61 1576 108 1599 est
133 1566 316 1611 splendor?
342 1567 387 1598 lta
412 1580 504 1598 mens
529 1576 641 1598 nostra
665 1580 740 1598 cum
765 1567 848 1600 intra
866 1569 970 1601 carnis
996 1579 1027 1602 et
1051 1572 1179 1613 sangui-

60 1629 109 1661 nis
133 1628 272 1660 claustra
299 1629 528 1667 concluditur,
564 1638 596 1660 et
627 1641 689 1672 pro
720 1628 794 1660 talis
825 1630 980 1662 materiae
1004 1632 1179 1677 participa-

60 1691 151 1723 tione
176 1690 331 1722 hebetior
363 1699 461 1734 atque
493 1689 646 1722 obtusior
675 1691 843 1730 redditur,
874 1691 996 1737 licetfi)
1020 1694 1059 1725 nd
1089 1708 1177 1727 com-

157 1819 186 1861 ')
211 1818 267 1851 Sic
291 1817 370 1850 editi
395 1818 440 1862 (v.
467 1832 494 1850 c.
522 1819 597 1851 cdd.
622 1818 698 1861 M.),
724 1828 756 1850 et
781 1820 859 1852 Mss.
884 1820 1045 1865 plerique.
1094 1823 1177 1855 Cod.

64 1876 141 1895 vero
166 1863 373 1896 sorbonicus
396 1872 430 1895 et
453 1864 537 1896 alter
561 1864 595 1896 S.
616 1864 777 1905 Remigii:
801 1867 1028 1907 insinuantur.
1053 1867 1090 1899 R.

152 1919 186 1962 ²)
211 1919 373 1951 Desumta
404 1928 479 1951 sunt
510 1919 589 1952 baec
621 1921 719 1951 verba
752 1934 788 1952 ex
823 1920 878 1953 lib.
907 1921 927 1953 l.
954 1925 1032 1965 περὶ
1059 1923 1181 1967 ἀρχῶν

65 1976 134 2007 cap.
160 1965 184 1999 l.
206 1977 298 1996 num.
326 1966 362 1998 V.
389 1965 444 1997 Vl.
470 1965 538 1997 Csr.
566 1965 618 1998 ed.
645 1966 771 2009 Redep.
797 1979 871 2009 pag.
896 1966 947 2000 99.
972 1981 1039 2011 seq.

155 2019 187 2063 3)
211 2020 274 2052 Ed.
299 2020 427 2064 Redep.
451 2034 654 2065 corporeum.

157 2075 190 2118 Α)
214 2076 275 2108 Ed.
300 2076 428 2120 Redep.
453 2089 502 2110 uc.

111 2123 116 2126 ⁴
158 2131 192 2172 ⁵)
215 2130 278 2163 Ed.
303 2132 431 2176 Redep.
456 2145 498 2165 ac
517 2137 750 2178 praestantior
774 2142 821 2167 est
845 2137 924 2168 solis
947 2138 1131 2180 splendor?

157 2187 192 2229 ⁶)
216 2186 303 2218 Editi
335 2189 380 2230 (v.
415 2201 440 2221 c.
474 2190 548 2222 edd.
575 2191 638 2232 Μ.)
671 2191 749 2223 licet
776 2204 839 2234 pro
869 2194 1118 2235 comparatione
1139 2214 1181 2217 —

66 2233 242 2266 habeatur.
290 2232 368 2264 Mss.
398 2233 493 2266 ilie—et
526 2235 583 2278 (al.
615 2236 724 2279 illico)
757 2238 801 2268 ml
829 2239 1107 2280 comparutionem
1141 2259 1182 2263 ——

67 2278 218 2311 habetur.
265 2276 332 2309 Sed
357 2277 532 2318 legendum
557 2279 689 2312 videtur
711 2290 746 2312 ut
770 2280 802 2312 in
828 2291 926 2315 textu.
954 2282 990 2314 R.

115 2338 289 2371 OfflGl-LMS
315 2339 440 2372 OPERA
464 2339 556 2374 ΤοΜ,
581 2341 702 2373 XXlV.
947 2343 985 2377 21
