<?xml version="1.0" encoding="UTF-8"?>
<!DOCTYPE html PUBLIC "-//W3C//DTD XHTML 1.0 Transitional//EN"
    "http://www.w3.org/TR/xhtml1/DTD/xhtml1-transitional.dtd">
<html xmlns="http://www.w3.org/1999/xhtml" xml:lang="en" lang="en">
 <head>
  <title>
</title>
<meta http-equiv="Content-Type" content="text/html;charset=utf-8" />
  <meta name='ocr-system' content='tesseract 3.04.00' />
  <meta name='ocr-capabilities' content='ocr_page ocr_carea ocr_par ocr_line ocrx_word'/>
</head>
<body>
  <div class='ocr_page' id='page_1' title='image "./operaomniaquaegr24orig/operaomniaquaegr24orig_0136.png"; bbox 0 0 1413 2482; ppageno 0'>
   <div class='ocr_carea' id='block_1_1' title="bbox 196 69 1001 111">
    <p class='ocr_par' dir='ltr' id='par_1_1' title="bbox 196 69 1001 111">
     <span class='ocr_line' id='line_1_1' title="bbox 196 69 1001 111; baseline -0.006 -3"><span class='ocrx_word' id='word_1_1' title='bbox 196 73 261 111; x_wconf 65' lang='lat'>121</span> <span class='ocrx_word' id='word_1_2' title='bbox 534 71 646 105; x_wconf 67' lang='lat' dir='ltr'>Pam</span> <span class='ocrx_word' id='word_1_3' title='bbox 671 70 843 104; x_wconf 63' lang='lat' dir='ltr'>Dimittis</span> <span class='ocrx_word' id='word_1_4' title='bbox 868 69 1001 104; x_wconf 69' lang='lat' dir='ltr'>uuum</span> 
     </span>
    </p>
   </div>
   <div class='ocr_carea' id='block_1_2' title="bbox 193 159 1346 2272">
    <p class='ocr_par' dir='ltr' id='par_1_2' title="bbox 193 159 1342 706">
     <span class='ocr_line' id='line_1_2' title="bbox 194 159 1336 209; baseline -0.004 -12"><span class='ocrx_word' id='word_1_5' title='bbox 194 163 405 209; x_wconf 75' lang='lat' dir='ltr'>Epiphanius</span> <span class='ocrx_word' id='word_1_6' title='bbox 429 160 654 205; x_wconf 85' lang='lat' dir='ltr'>nuncupavit,</span> <span class='ocrx_word' id='word_1_7' title='bbox 688 159 781 205; x_wconf 84' lang='lat' dir='ltr'>quasi</span> <span class='ocrx_word' id='word_1_8' title='bbox 812 159 918 192; x_wconf 79' lang='lat' dir='ltr'>dicas:</span> <span class='ocrx_word' id='word_1_9' title='bbox 972 160 1248 206; x_wconf 77' lang='lat' dir='ltr'>»adjunctiones,</span> <span class='ocrx_word' id='word_1_10' title='bbox 1279 161 1336 193; x_wconf 82' lang='lat' dir='ltr'>ad-</span> 
     </span>
     <span class='ocr_line' id='line_1_3' title="bbox 195 221 1338 273; baseline -0.004 -13"><span class='ocrx_word' id='word_1_11' title='bbox 195 226 398 273; x_wconf 58' lang='lat' dir='ltr'>jectiones«</span> <span class='ocrx_word' id='word_1_12' title='bbox 450 222 593 268; x_wconf 83' lang='lat' dir='ltr'><strong>Optime</strong></span> <span class='ocrx_word' id='word_1_13' title='bbox 627 234 764 267; x_wconf 88' lang='lat' dir='ltr'>quoque</span> <span class='ocrx_word' id='word_1_14' title='bbox 788 221 1004 267; x_wconf 83' lang='lat' dir='ltr'>Nicephorus</span> <span class='ocrx_word' id='word_1_15' title='bbox 1035 226 1338 268; x_wconf 77' lang='grc' dir='ltr'>παρασημείωσιν</span> 
     </span>
     <span class='ocr_line' id='line_1_4' title="bbox 193 282 1336 329; baseline -0.003 -7"><span class='ocrx_word' id='word_1_16' title='bbox 193 287 361 327; x_wconf 81' lang='lat' dir='ltr'><strong>reddidit,</strong></span> <span class='ocrx_word' id='word_1_17' title='bbox 397 286 463 318; x_wconf 84' lang='lat' dir='ltr'>hoc</span> <span class='ocrx_word' id='word_1_18' title='bbox 500 293 565 318; x_wconf 86' lang='lat' dir='ltr'>est:</span> <span class='ocrx_word' id='word_1_19' title='bbox 616 283 907 329; x_wconf 73' lang='lat' dir='ltr'>»descriptionem</span> <span class='ocrx_word' id='word_1_20' title='bbox 943 283 985 316; x_wconf 87' lang='lat' dir='ltr'>ad</span> <span class='ocrx_word' id='word_1_21' title='bbox 1015 282 1108 317; x_wconf 82' lang='lat' dir='ltr'>aliud</span> <span class='ocrx_word' id='word_1_22' title='bbox 1140 283 1336 326; x_wconf 73' lang='lat' dir='ltr'>additam3«</span> 
     </span>
     <span class='ocr_line' id='line_1_5' title="bbox 195 343 1338 392; baseline -0.003 -9"><span class='ocrx_word' id='word_1_23' title='bbox 195 349 307 383; x_wconf 81' lang='lat' dir='ltr'>addita</span> <span class='ocrx_word' id='word_1_24' title='bbox 341 347 431 381; x_wconf 90' lang='lat' dir='ltr'>enim</span> <span class='ocrx_word' id='word_1_25' title='bbox 461 345 672 392; x_wconf 73' lang='lat' dir='ltr'>praepositio</span> <span class='ocrx_word' id='word_1_26' title='bbox 697 354 794 379; x_wconf 84' lang='lat' dir='ltr'>notat</span> <span class='ocrx_word' id='word_1_27' title='bbox 827 358 897 379; x_wconf 89' lang='lat' dir='ltr'>esse</span> <span class='ocrx_word' id='word_1_28' title='bbox 932 347 1005 381; x_wconf 81' lang='grc' dir='ltr'>τῶν</span> <span class='ocrx_word' id='word_1_29' title='bbox 1036 343 1128 391; x_wconf 80' lang='grc' dir='ltr'><strong><em>πρός</em></strong></span> <span class='ocrx_word' id='word_1_30' title='bbox 1156 358 1201 381; x_wconf 80' lang='grc' dir='ltr'>τι.</span> <span class='ocrx_word' id='word_1_31' title='bbox 1250 346 1338 381; x_wconf 91' lang='lat' dir='ltr'>Cum</span> 
     </span>
     <span class='ocr_line' id='line_1_6' title="bbox 195 406 1340 455; baseline -0.004 -10"><span class='ocrx_word' id='word_1_32' title='bbox 195 424 273 455; x_wconf 88' lang='lat' dir='ltr'>ergo</span> <span class='ocrx_word' id='word_1_33' title='bbox 299 410 439 444; x_wconf 85' lang='lat' dir='ltr'>Scholia</span> <span class='ocrx_word' id='word_1_34' title='bbox 471 419 503 443; x_wconf 92' lang='lat' dir='ltr'>et</span> <span class='ocrx_word' id='word_1_35' title='bbox 534 408 806 450; x_wconf 87' lang='lat' dir='ltr'>Commentaria,</span> <span class='ocrx_word' id='word_1_36' title='bbox 838 408 977 442; x_wconf 87' lang='lat' dir='ltr'>alterius</span> <span class='ocrx_word' id='word_1_37' title='bbox 1007 406 1202 453; x_wconf 76' lang='lat' dir='ltr'>scriptionis</span> <span class='ocrx_word' id='word_1_38' title='bbox 1231 408 1340 453; x_wconf 83' lang='lat' dir='ltr'>expli-</span> 
     </span>
     <span class='ocr_line' id='line_1_7' title="bbox 195 469 1340 517; baseline -0.004 -9"><span class='ocrx_word' id='word_1_39' title='bbox 195 473 319 508; x_wconf 88' lang='lat' dir='ltr'>candae</span> <span class='ocrx_word' id='word_1_40' title='bbox 350 471 454 515; x_wconf 82' lang='lat' dir='ltr'>gratia</span> <span class='ocrx_word' id='word_1_41' title='bbox 485 470 588 504; x_wconf 88' lang='lat' dir='ltr'>scribi</span> <span class='ocrx_word' id='word_1_42' title='bbox 619 472 768 512; x_wconf 84' lang='lat' dir='ltr'>soleant,</span> <span class='ocrx_word' id='word_1_43' title='bbox 805 471 903 517; x_wconf 90' lang='lat' dir='ltr'>eique</span> <span class='ocrx_word' id='word_1_44' title='bbox 935 482 1036 516; x_wconf 83' lang='lat' dir='ltr'>saepe</span> <span class='ocrx_word' id='word_1_45' title='bbox 1066 469 1204 515; x_wconf 79' lang='lat' dir='ltr'>adjungi</span> <span class='ocrx_word' id='word_1_46' title='bbox 1234 478 1268 503; x_wconf 85' lang='lat' dir='ltr'>et</span> <span class='ocrx_word' id='word_1_47' title='bbox 1297 471 1340 504; x_wconf 88' lang='lat' dir='ltr'>ad</span> 
     </span>
     <span class='ocr_line' id='line_1_8' title="bbox 194 531 1341 580; baseline -0.003 -10"><span class='ocrx_word' id='word_1_48' title='bbox 194 549 290 570; x_wconf 86' lang='lat' dir='ltr'>oram</span> <span class='ocrx_word' id='word_1_49' title='bbox 322 534 449 575; x_wconf 88' lang='lat' dir='ltr'>adtexi,</span> <span class='ocrx_word' id='word_1_50' title='bbox 481 542 664 580; x_wconf 78' lang='lat' dir='ltr'>propterea</span> <span class='ocrx_word' id='word_1_51' title='bbox 689 531 900 580; x_wconf 85' lang='grc' dir='ltr'><em>σημειώσεις</em></span> <span class='ocrx_word' id='word_1_52' title='bbox 923 541 1015 567; x_wconf 89' lang='lat' dir='ltr'>recte</span> <span class='ocrx_word' id='word_1_53' title='bbox 1041 532 1134 566; x_wconf 84' lang='lat' dir='ltr'>dicta</span> <span class='ocrx_word' id='word_1_54' title='bbox 1157 540 1251 566; x_wconf 86' lang='lat' dir='ltr'>sunt:</span> <span class='ocrx_word' id='word_1_55' title='bbox 1281 544 1341 566; x_wconf 90' lang='lat' dir='ltr'>ne-</span> 
     </span>
     <span class='ocr_line' id='line_1_9' title="bbox 195 593 1342 646; baseline -0.003 -15"><span class='ocrx_word' id='word_1_56' title='bbox 195 611 260 646; x_wconf 84' lang='lat' dir='ltr'>que</span> <span class='ocrx_word' id='word_1_57' title='bbox 293 596 464 631; x_wconf 87' lang='lat' dir='ltr'>immerito</span> <span class='ocrx_word' id='word_1_58' title='bbox 490 595 702 630; x_wconf 87' lang='lat' dir='ltr'>Philocaliae</span> <span class='ocrx_word' id='word_1_59' title='bbox 732 605 880 630; x_wconf 80' lang='lat' dir='ltr'><strong>textores</strong></span> <span class='ocrx_word' id='word_1_60' title='bbox 914 595 981 629; x_wconf 83' lang='lat' dir='ltr'>hoe</span> <span class='ocrx_word' id='word_1_61' title='bbox 1005 594 1213 629; x_wconf 81' lang='lat' dir='ltr'>vocabulum</span> <span class='ocrx_word' id='word_1_62' title='bbox 1238 593 1342 629; x_wconf 80' lang='lat' dir='ltr'>Com-</span> 
     </span>
     <span class='ocr_line' id='line_1_10' title="bbox 194 656 998 706; baseline -0.005 -11"><span class='ocrx_word' id='word_1_63' title='bbox 194 660 383 702; x_wconf 83' lang='lat' dir='ltr'>mentariis,</span> <span class='ocrx_word' id='word_1_64' title='bbox 409 659 639 706; x_wconf 77' lang='lat' dir='ltr'>Hieronymus</span> <span class='ocrx_word' id='word_1_65' title='bbox 664 657 813 693; x_wconf 86' lang='lat' dir='ltr'>Scholiis</span> <span class='ocrx_word' id='word_1_66' title='bbox 837 656 998 691; x_wconf 82' lang='lat' dir='ltr'>tribuere.</span> 
     </span>
    </p>

    <p class='ocr_par' dir='ltr' id='par_1_3' title="bbox 194 715 1346 1571">
     <span class='ocr_line' id='line_1_11' title="bbox 286 715 1343 768; baseline -0.003 -12"><span class='ocrx_word' id='word_1_67' title='bbox 286 725 327 758; x_wconf 84' lang='lat' dir='ltr'>V.</span> <span class='ocrx_word' id='word_1_68' title='bbox 368 722 553 756; x_wconf 85' lang='lat' dir='ltr'>Communi</span> <span class='ocrx_word' id='word_1_69' title='bbox 590 735 727 768; x_wconf 89' lang='lat' dir='ltr'>quoque</span> <span class='ocrx_word' id='word_1_70' title='bbox 759 715 1002 766; x_wconf 79' lang='grc' dir='ltr'><em>Ἔξηγηῐικῶν</em></span> <span class='ocrx_word' id='word_1_71' title='bbox 1035 719 1139 753; x_wconf 84' lang='lat' dir='ltr'>titulo</span> <span class='ocrx_word' id='word_1_72' title='bbox 1171 720 1343 766; x_wconf 86' lang='lat' dir='ltr'>Tetrapla,</span> 
     </span>
     <span class='ocr_line' id='line_1_12' title="bbox 195 781 1343 832; baseline -0.004 -11"><span class='ocrx_word' id='word_1_73' title='bbox 195 786 365 832; x_wconf 79' lang='lat' dir='ltr'>Hexapla,</span> <span class='ocrx_word' id='word_1_74' title='bbox 398 795 432 819; x_wconf 84' lang='lat' dir='ltr'>et</span> <span class='ocrx_word' id='word_1_75' title='bbox 458 785 603 830; x_wconf 77' lang='lat' dir='ltr'>Octapla</span> <span class='ocrx_word' id='word_1_76' title='bbox 637 782 796 827; x_wconf 80' lang='lat' dir='ltr'>Origenis</span> <span class='ocrx_word' id='word_1_77' title='bbox 830 781 1113 831; x_wconf 83' lang='lat' dir='ltr'>complectimur,</span> <span class='ocrx_word' id='word_1_78' title='bbox 1145 795 1230 829; x_wconf 85' lang='lat' dir='ltr'>quae</span> <span class='ocrx_word' id='word_1_79' title='bbox 1262 795 1343 828; x_wconf 92' lang='lat' dir='ltr'>pro-</span> 
     </span>
     <span class='ocr_line' id='line_1_13' title="bbox 194 844 1342 896; baseline -0.004 -13"><span class='ocrx_word' id='word_1_80' title='bbox 194 850 272 896; x_wconf 88' lang='lat' dir='ltr'>prio</span> <span class='ocrx_word' id='word_1_81' title='bbox 297 849 469 883; x_wconf 79' lang='lat' dir='ltr'>vocabulo</span> <span class='ocrx_word' id='word_1_82' title='bbox 491 844 754 894; x_wconf 73' lang='grc' dir='ltr'><em>Ἑρμηνευτικᾶ</em></span> <span class='ocrx_word' id='word_1_83' title='bbox 779 845 954 892; x_wconf 84' lang='lat' dir='ltr'>appellare</span> <span class='ocrx_word' id='word_1_84' title='bbox 979 845 1097 890; x_wconf 84' lang='lat' dir='ltr'>possis.</span> <span class='ocrx_word' id='word_1_85' title='bbox 1139 844 1226 880; x_wconf 89' lang='lat' dir='ltr'>Cum</span> <span class='ocrx_word' id='word_1_86' title='bbox 1252 845 1342 878; x_wconf 88' lang='lat' dir='ltr'>enim</span> 
     </span>
     <span class='ocr_line' id='line_1_14' title="bbox 195 907 1343 956; baseline -0.005 -10"><span class='ocrx_word' id='word_1_87' title='bbox 195 925 234 946; x_wconf 88' lang='lat' dir='ltr'>ex</span> <span class='ocrx_word' id='word_1_88' title='bbox 264 911 363 945; x_wconf 81' lang='lat' dir='ltr'>variis</span> <span class='ocrx_word' id='word_1_89' title='bbox 395 910 592 956; x_wconf 80' lang='lat' dir='ltr'>Scripturae</span> <span class='ocrx_word' id='word_1_90' title='bbox 630 908 775 942; x_wconf 77' lang='lat' dir='ltr'>conflata</span> <span class='ocrx_word' id='word_1_91' title='bbox 811 908 876 941; x_wconf 87' lang='lat' dir='ltr'>sint</span> <span class='ocrx_word' id='word_1_92' title='bbox 915 907 1272 952; x_wconf 75' lang='lat' dir='ltr'>interpretationibus,</span> <span class='ocrx_word' id='word_1_93' title='bbox 1307 907 1343 940; x_wconf 88' lang='lat' dir='ltr'>in</span> 
     </span>
     <span class='ocr_line' id='line_1_15' title="bbox 196 969 1344 1016; baseline -0.004 -8"><span class='ocrx_word' id='word_1_94' title='bbox 196 988 273 1008; x_wconf 85' lang='lat' dir='ltr'>eum</span> <span class='ocrx_word' id='word_1_95' title='bbox 297 973 412 1007; x_wconf 81' lang='lat' dir='ltr'>venire</span> <span class='ocrx_word' id='word_1_96' title='bbox 438 973 629 1006; x_wconf 88' lang='lat' dir='ltr'>debuerunt</span> <span class='ocrx_word' id='word_1_97' title='bbox 655 984 811 1013; x_wconf 88' lang='lat' dir='ltr'>censum,</span> <span class='ocrx_word' id='word_1_98' title='bbox 836 984 904 1016; x_wconf 91' lang='lat' dir='ltr'>quo</span> <span class='ocrx_word' id='word_1_99' title='bbox 931 983 1151 1016; x_wconf 86' lang='lat' dir='ltr'>quaecunque</span> <span class='ocrx_word' id='word_1_100' title='bbox 1175 970 1218 1004; x_wconf 86' lang='lat' dir='ltr'>ad</span> <span class='ocrx_word' id='word_1_101' title='bbox 1241 969 1344 1004; x_wconf 89' lang='lat' dir='ltr'>inter-</span> 
     </span>
     <span class='ocr_line' id='line_1_16' title="bbox 194 1032 1342 1084; baseline -0.003 -14"><span class='ocrx_word' id='word_1_102' title='bbox 194 1037 396 1084; x_wconf 84' lang='lat' dir='ltr'>pretandam</span> <span class='ocrx_word' id='word_1_103' title='bbox 418 1035 630 1081; x_wconf 88' lang='lat' dir='ltr'>Scripturam</span> <span class='ocrx_word' id='word_1_104' title='bbox 657 1032 845 1067; x_wconf 85' lang='lat' dir='ltr'>elaboravit</span> <span class='ocrx_word' id='word_1_105' title='bbox 859 1033 1091 1074; x_wconf 80' lang='lat' dir='ltr'>Adamantius,</span> <span class='ocrx_word' id='word_1_106' title='bbox 1117 1032 1342 1066; x_wconf 88' lang='lat' dir='ltr'>continentur.</span> 
     </span>
     <span class='ocr_line' id='line_1_17' title="bbox 194 1094 1345 1144; baseline -0.004 -11"><span class='ocrx_word' id='word_1_107' title='bbox 194 1101 272 1134; x_wconf 87' lang='lat' dir='ltr'>Huc</span> <span class='ocrx_word' id='word_1_108' title='bbox 296 1097 410 1144; x_wconf 80' lang='lat' dir='ltr'>adjicit</span> <span class='ocrx_word' id='word_1_109' title='bbox 437 1097 597 1143; x_wconf 81' lang='lat' dir='ltr'>epistolas</span> <span class='ocrx_word' id='word_1_110' title='bbox 614 1096 727 1131; x_wconf 80' lang='lat' dir='ltr'>Sixtus</span> <span class='ocrx_word' id='word_1_111' title='bbox 751 1095 920 1137; x_wconf 76' lang='lat' dir='ltr'>Senensis,</span> <span class='ocrx_word' id='word_1_112' title='bbox 946 1096 1040 1141; x_wconf 91' lang='lat' dir='ltr'>quod</span> <span class='ocrx_word' id='word_1_113' title='bbox 1063 1095 1257 1142; x_wconf 84' lang='lat' dir='ltr'>propositas</span> <span class='ocrx_word' id='word_1_114' title='bbox 1279 1094 1345 1129; x_wconf 86' lang='lat' dir='ltr'>sibi</span> 
     </span>
     <span class='ocr_line' id='line_1_18' title="bbox 198 1157 1343 1206; baseline -0.004 -10"><span class='ocrx_word' id='word_1_115' title='bbox 198 1162 286 1196; x_wconf 88' lang='lat' dir='ltr'>circa</span> <span class='ocrx_word' id='word_1_116' title='bbox 325 1160 522 1206; x_wconf 84' lang='lat' dir='ltr'>Scripturae</span> <span class='ocrx_word' id='word_1_117' title='bbox 561 1158 827 1193; x_wconf 72' lang='lat' dir='ltr'>illustrationem</span> <span class='ocrx_word' id='word_1_118' title='bbox 874 1158 1087 1205; x_wconf 73' lang='lat' dir='ltr'>quaestiones</span> <span class='ocrx_word' id='word_1_119' title='bbox 1124 1157 1343 1192; x_wconf 88' lang='lat' dir='ltr'>rescribendo</span> 
     </span>
     <span class='ocr_line' id='line_1_19' title="bbox 197 1219 1344 1268; baseline -0.004 -9"><span class='ocrx_word' id='word_1_120' title='bbox 197 1225 362 1268; x_wconf 87' lang='lat' dir='ltr'>Origenes</span> <span class='ocrx_word' id='word_1_121' title='bbox 392 1222 597 1256; x_wconf 80' lang='lat' dir='ltr'>dissolverit.</span> <span class='ocrx_word' id='word_1_122' title='bbox 645 1223 691 1255; x_wconf 91' lang='lat' dir='ltr'>At</span> <span class='ocrx_word' id='word_1_123' title='bbox 722 1235 800 1255; x_wconf 91' lang='lat' dir='ltr'>cum</span> <span class='ocrx_word' id='word_1_124' title='bbox 832 1221 897 1255; x_wconf 85' lang='lat' dir='ltr'>alia</span> <span class='ocrx_word' id='word_1_125' title='bbox 927 1234 1066 1268; x_wconf 82' lang='lat' dir='ltr'>quoque</span> <span class='ocrx_word' id='word_1_126' title='bbox 1095 1233 1160 1266; x_wconf 88' lang='lat' dir='ltr'>per</span> <span class='ocrx_word' id='word_1_127' title='bbox 1183 1219 1344 1266; x_wconf 83' lang='lat' dir='ltr'>epistolas</span> 
     </span>
     <span class='ocr_line' id='line_1_20' title="bbox 196 1282 1345 1330; baseline -0.004 -9"><span class='ocrx_word' id='word_1_128' title='bbox 196 1295 392 1330; x_wconf 80' lang='lat' dir='ltr'>argumenta</span> <span class='ocrx_word' id='word_1_129' title='bbox 417 1295 574 1319; x_wconf 77' lang='lat' dir='ltr'>tractasse</span> <span class='ocrx_word' id='word_1_130' title='bbox 599 1284 712 1330; x_wconf 85' lang='lat' dir='ltr'>ipsum</span> <span class='ocrx_word' id='word_1_131' title='bbox 736 1294 884 1326; x_wconf 84' lang='lat' dir='ltr'>constet,</span> <span class='ocrx_word' id='word_1_132' title='bbox 917 1284 1010 1318; x_wconf 80' lang='lat' dir='ltr'>velut</span> <span class='ocrx_word' id='word_1_133' title='bbox 1045 1296 1122 1317; x_wconf 90' lang='lat' dir='ltr'>cum</span> <span class='ocrx_word' id='word_1_134' title='bbox 1146 1283 1189 1316; x_wconf 84' lang='lat' dir='ltr'>ad</span> <span class='ocrx_word' id='word_1_135' title='bbox 1211 1282 1345 1329; x_wconf 87' lang='lat' dir='ltr'>Philip-</span> 
     </span>
     <span class='ocr_line' id='line_1_21' title="bbox 196 1345 1343 1396; baseline -0.003 -13"><span class='ocrx_word' id='word_1_136' title='bbox 196 1363 280 1396; x_wconf 90' lang='lat' dir='ltr'>pum</span> <span class='ocrx_word' id='word_1_137' title='bbox 304 1349 567 1394; x_wconf 81' lang='lat' dir='ltr'>imperatorem,</span> <span class='ocrx_word' id='word_1_138' title='bbox 605 1347 660 1380; x_wconf 84' lang='lat' dir='ltr'>vel</span> <span class='ocrx_word' id='word_1_139' title='bbox 684 1347 726 1380; x_wconf 85' lang='lat' dir='ltr'>ad</span> <span class='ocrx_word' id='word_1_140' title='bbox 752 1346 930 1393; x_wconf 78' lang='lat' dir='ltr'>conjugem</span> <span class='ocrx_word' id='word_1_141' title='bbox 954 1346 1059 1392; x_wconf 88' lang='lat' dir='ltr'>ipsius</span> <span class='ocrx_word' id='word_1_142' title='bbox 1084 1345 1264 1387; x_wconf 78' lang='lat' dir='ltr'>severam,</span> <span class='ocrx_word' id='word_1_143' title='bbox 1288 1347 1343 1380; x_wconf 82' lang='lat' dir='ltr'>vel</span> 
     </span>
     <span class='ocr_line' id='line_1_22' title="bbox 198 1408 1346 1455; baseline -0.004 -9"><span class='ocrx_word' id='word_1_144' title='bbox 198 1413 240 1446; x_wconf 87' lang='lat' dir='ltr'>ad</span> <span class='ocrx_word' id='word_1_145' title='bbox 270 1410 460 1445; x_wconf 86' lang='lat' dir='ltr'>Fabianum</span> <span class='ocrx_word' id='word_1_146' title='bbox 491 1410 620 1455; x_wconf 82' lang='lat' dir='ltr'>Papam</span> <span class='ocrx_word' id='word_1_147' title='bbox 651 1409 733 1442; x_wconf 82' lang='lat' dir='ltr'>fidei</span> <span class='ocrx_word' id='word_1_148' title='bbox 765 1422 843 1443; x_wconf 87' lang='lat' dir='ltr'>suae</span> <span class='ocrx_word' id='word_1_149' title='bbox 874 1408 1088 1455; x_wconf 79' lang='lat' dir='ltr'>profitendae</span> <span class='ocrx_word' id='word_1_150' title='bbox 1120 1421 1233 1442; x_wconf 82' lang='lat' dir='ltr'>caussa</span> <span class='ocrx_word' id='word_1_151' title='bbox 1263 1408 1346 1442; x_wconf 89' lang='lat' dir='ltr'>scri-</span> 
     </span>
     <span class='ocr_line' id='line_1_23' title="bbox 196 1469 1346 1519; baseline -0.004 -11"><span class='ocrx_word' id='word_1_152' title='bbox 196 1477 311 1515; x_wconf 88' lang='lat' dir='ltr'>beret,</span> <span class='ocrx_word' id='word_1_153' title='bbox 343 1473 467 1508; x_wconf 90' lang='lat' dir='ltr'>merito</span> <span class='ocrx_word' id='word_1_154' title='bbox 493 1472 581 1506; x_wconf 90' lang='lat' dir='ltr'>inter</span> <span class='ocrx_word' id='word_1_155' title='bbox 604 1472 820 1519; x_wconf 75' lang='lat' dir='ltr'>Syntagmata</span> <span class='ocrx_word' id='word_1_156' title='bbox 845 1471 1005 1517; x_wconf 79' lang='lat' dir='ltr'>epistolas</span> <span class='ocrx_word' id='word_1_157' title='bbox 1031 1470 1137 1517; x_wconf 81' lang='lat' dir='ltr'>ipsius</span> <span class='ocrx_word' id='word_1_158' title='bbox 1163 1469 1346 1517; x_wconf 74' lang='lat' dir='ltr'>conjicien-</span> 
     </span>
     <span class='ocr_line' id='line_1_24' title="bbox 198 1540 466 1571; baseline -0.007 0"><span class='ocrx_word' id='word_1_159' title='bbox 198 1540 257 1571; x_wconf 82' lang='lat' dir='ltr'>das</span> <span class='ocrx_word' id='word_1_160' title='bbox 282 1549 466 1571; x_wconf 87' lang='lat' dir='ltr'>censemus.</span> 
     </span>
    </p>

    <p class='ocr_par' dir='ltr' id='par_1_4' title="bbox 197 1596 1346 2272">
     <span class='ocr_line' id='line_1_25' title="bbox 286 1596 1346 1644; baseline -0.002 -11"><span class='ocrx_word' id='word_1_161' title='bbox 286 1601 343 1634; x_wconf 77' lang='lat' dir='ltr'>vl.</span> <span class='ocrx_word' id='word_1_162' title='bbox 371 1599 442 1644; x_wconf 83' lang='lat' dir='ltr'>Qui</span> <span class='ocrx_word' id='word_1_163' title='bbox 466 1598 728 1644; x_wconf 81' lang='lat' dir='ltr'>interpretandis</span> <span class='ocrx_word' id='word_1_164' title='bbox 753 1597 940 1644; x_wconf 82' lang='lat' dir='ltr'>Scripturis</span> <span class='ocrx_word' id='word_1_165' title='bbox 964 1596 1089 1643; x_wconf 83' lang='lat' dir='ltr'>triplex</span> <span class='ocrx_word' id='word_1_166' title='bbox 1102 1596 1346 1642; x_wconf 78' lang='grc' dir='ltr'><em>Ἐξηγητικῶν</em></span> 
     </span>
     <span class='ocr_line' id='line_1_26' title="bbox 198 1658 1341 1706; baseline -0.002 -11"><span class='ocrx_word' id='word_1_167' title='bbox 198 1676 300 1706; x_wconf 83' lang='lat' dir='ltr'>genus</span> <span class='ocrx_word' id='word_1_168' title='bbox 334 1662 489 1695; x_wconf 78' lang='lat' dir='ltr'>adhibuit</span> <span class='ocrx_word' id='word_1_169' title='bbox 526 1661 709 1704; x_wconf 80' lang='lat' dir='ltr'>Origenes,</span> <span class='ocrx_word' id='word_1_170' title='bbox 751 1661 778 1693; x_wconf 89' lang='lat' dir='ltr'>is</span> <span class='ocrx_word' id='word_1_171' title='bbox 816 1661 989 1706; x_wconf 88' lang='lat' dir='ltr'>triplicem</span> <span class='ocrx_word' id='word_1_172' title='bbox 1027 1672 1066 1693; x_wconf 84' lang='lat' dir='ltr'>ex</span> <span class='ocrx_word' id='word_1_173' title='bbox 1102 1658 1171 1692; x_wconf 83' lang='lat' dir='ltr'>illis</span> <span class='ocrx_word' id='word_1_174' title='bbox 1206 1672 1341 1693; x_wconf 85' lang='lat' dir='ltr'>sensum</span> 
     </span>
     <span class='ocr_line' id='line_1_27' title="bbox 199 1723 1344 1769; baseline -0.003 -10"><span class='ocrx_word' id='word_1_175' title='bbox 199 1739 338 1766; x_wconf 89' lang='lat' dir='ltr'>eruere,</span> <span class='ocrx_word' id='word_1_176' title='bbox 362 1739 399 1758; x_wconf 82' lang='lat' dir='ltr'>ac</span> <span class='ocrx_word' id='word_1_177' title='bbox 424 1724 625 1768; x_wconf 79' lang='lat' dir='ltr'>investigare</span> <span class='ocrx_word' id='word_1_178' title='bbox 654 1723 844 1757; x_wconf 84' lang='lat' dir='ltr'>consuevit:</span> <span class='ocrx_word' id='word_1_179' title='bbox 876 1723 1095 1764; x_wconf 88' lang='lat' dir='ltr'>historicum,</span> <span class='ocrx_word' id='word_1_180' title='bbox 1120 1736 1221 1769; x_wconf 85' lang='lat' dir='ltr'>quem</span> <span class='ocrx_word' id='word_1_181' title='bbox 1246 1734 1279 1757; x_wconf 88' lang='lat' dir='ltr'>et</span> <span class='ocrx_word' id='word_1_182' title='bbox 1302 1723 1344 1756; x_wconf 76' lang='lat' dir='ltr'>li-</span> 
     </span>
     <span class='ocr_line' id='line_1_28' title="bbox 197 1785 1340 1834; baseline -0.003 -12"><span class='ocrx_word' id='word_1_183' title='bbox 197 1799 289 1822; x_wconf 84' lang='lat' dir='ltr'>terae</span> <span class='ocrx_word' id='word_1_184' title='bbox 313 1801 448 1822; x_wconf 85' lang='lat' dir='ltr'>sensum</span> <span class='ocrx_word' id='word_1_185' title='bbox 474 1788 667 1834; x_wconf 79' lang='lat' dir='ltr'>appellant3</span> <span class='ocrx_word' id='word_1_186' title='bbox 691 1786 892 1834; x_wconf 76' lang='lat' dir='ltr'>mysticum,</span> <span class='ocrx_word' id='word_1_187' title='bbox 917 1795 951 1820; x_wconf 89' lang='lat' dir='ltr'>et</span> <span class='ocrx_word' id='word_1_188' title='bbox 973 1786 1150 1819; x_wconf 83' lang='lat' dir='ltr'>moralem.</span> <span class='ocrx_word' id='word_1_189' title='bbox 1198 1785 1255 1819; x_wconf 81' lang='lat' dir='ltr'>Sic</span> <span class='ocrx_word' id='word_1_190' title='bbox 1280 1785 1340 1818; x_wconf 90' lang='lat' dir='ltr'>ille</span> 
     </span>
     <span class='ocr_line' id='line_1_29' title="bbox 197 1847 1345 1892; baseline -0.003 -8"><span class='ocrx_word' id='word_1_191' title='bbox 197 1850 328 1884; x_wconf 86' lang='lat' dir='ltr'>Homil.</span> <span class='ocrx_word' id='word_1_192' title='bbox 347 1850 399 1885; x_wconf 86' lang='grc'>17.</span> <span class='ocrx_word' id='word_1_193' title='bbox 422 1850 458 1883; x_wconf 90' lang='lat' dir='ltr'>in</span> <span class='ocrx_word' id='word_1_194' title='bbox 484 1850 606 1884; x_wconf 86' lang='lat' dir='ltr'>Genes.</span> <span class='ocrx_word' id='word_1_195' title='bbox 631 1849 781 1890; x_wconf 86' lang='lat' dir='ltr'>num.1.,</span> <span class='ocrx_word' id='word_1_196' title='bbox 805 1849 865 1882; x_wconf 88' lang='lat' dir='ltr'>ubi</span> <span class='ocrx_word' id='word_1_197' title='bbox 890 1848 957 1892; x_wconf 81' lang='lat' dir='ltr'>agit</span> <span class='ocrx_word' id='word_1_198' title='bbox 981 1850 1024 1882; x_wconf 86' lang='lat' dir='ltr'>de</span> <span class='ocrx_word' id='word_1_199' title='bbox 1047 1847 1345 1882; x_wconf 84' lang='lat' dir='ltr'>benedictionibus</span> 
     </span>
     <span class='ocr_line' id='line_1_30' title="bbox 197 1909 1346 1959; baseline -0.002 -13"><span class='ocrx_word' id='word_1_200' title='bbox 197 1913 482 1959; x_wconf 82' lang='lat' dir='ltr'>patriarcharum:</span> <span class='ocrx_word' id='word_1_201' title='bbox 531 1913 597 1945; x_wconf 82' lang='lat' dir='ltr'>»ln</span> <span class='ocrx_word' id='word_1_202' title='bbox 627 1911 703 1958; x_wconf 86' lang='lat' dir='ltr'>ipso</span> <span class='ocrx_word' id='word_1_203' title='bbox 735 1921 849 1946; x_wconf 81' lang='lat' dir='ltr'>autem</span> <span class='ocrx_word' id='word_1_204' title='bbox 877 1923 1022 1957; x_wconf 88' lang='lat' dir='ltr'>corpore</span> <span class='ocrx_word' id='word_1_205' title='bbox 1055 1919 1090 1944; x_wconf 90' lang='lat' dir='ltr'>et</span> <span class='ocrx_word' id='word_1_206' title='bbox 1112 1909 1198 1944; x_wconf 85' lang='lat' dir='ltr'>serie</span> <span class='ocrx_word' id='word_1_207' title='bbox 1223 1911 1346 1944; x_wconf 78' lang='lat' dir='ltr'>verbo-</span> 
     </span>
     <span class='ocr_line' id='line_1_31' title="bbox 198 1973 1344 2020; baseline -0.002 -12"><span class='ocrx_word' id='word_1_208' title='bbox 198 1989 293 2016; x_wconf 88' lang='lat' dir='ltr'>rum,</span> <span class='ocrx_word' id='word_1_209' title='bbox 323 1988 434 2020; x_wconf 85' lang='lat' dir='ltr'>neque</span> <span class='ocrx_word' id='word_1_210' title='bbox 458 1974 714 2008; x_wconf 88' lang='lat' dir='ltr'>benedictiones</span> <span class='ocrx_word' id='word_1_211' title='bbox 739 1983 889 2015; x_wconf 85' lang='lat' dir='ltr'>tantum,</span> <span class='ocrx_word' id='word_1_212' title='bbox 916 1986 1027 2019; x_wconf 84' lang='lat' dir='ltr'>neque</span> <span class='ocrx_word' id='word_1_213' title='bbox 1051 1973 1247 2008; x_wconf 84' lang='lat' dir='ltr'>futurorum</span> <span class='ocrx_word' id='word_1_214' title='bbox 1271 1973 1344 2008; x_wconf 76' lang='lat' dir='ltr'>sola</span> 
     </span>
     <span class='ocr_line' id='line_1_32' title="bbox 200 2035 1343 2084; baseline -0.003 -12"><span class='ocrx_word' id='word_1_215' title='bbox 200 2037 461 2084; x_wconf 79' lang='lat' dir='ltr'>praenuntiatio,</span> <span class='ocrx_word' id='word_1_216' title='bbox 487 2047 650 2083; x_wconf 86' lang='lat' dir='ltr'>quantum</span> <span class='ocrx_word' id='word_1_217' title='bbox 675 2049 787 2071; x_wconf 85' lang='lat' dir='ltr'>mores</span> <span class='ocrx_word' id='word_1_218' title='bbox 812 2037 866 2070; x_wconf 82' lang='lat' dir='ltr'>vel</span> <span class='ocrx_word' id='word_1_219' title='bbox 890 2035 1107 2082; x_wconf 86' lang='lat' dir='ltr'>propositum</span> <span class='ocrx_word' id='word_1_220' title='bbox 1133 2047 1264 2077; x_wconf 88' lang='lat' dir='ltr'>eorum,</span> <span class='ocrx_word' id='word_1_221' title='bbox 1287 2035 1343 2068; x_wconf 82' lang='lat' dir='ltr'>vel</span> 
     </span>
     <span class='ocr_line' id='line_1_33' title="bbox 202 2096 1344 2147; baseline -0.003 -13"><span class='ocrx_word' id='word_1_222' title='bbox 202 2101 303 2134; x_wconf 88' lang='lat' dir='ltr'>etiam</span> <span class='ocrx_word' id='word_1_223' title='bbox 337 2101 501 2147; x_wconf 85' lang='lat' dir='ltr'>quaedam</span> <span class='ocrx_word' id='word_1_224' title='bbox 527 2101 567 2133; x_wconf 91' lang='lat' dir='ltr'>ab</span> <span class='ocrx_word' id='word_1_225' title='bbox 599 2100 638 2133; x_wconf 83' lang='lat' dir='ltr'>iis</span> <span class='ocrx_word' id='word_1_226' title='bbox 669 2109 758 2143; x_wconf 85' lang='lat' dir='ltr'>gesta</span> <span class='ocrx_word' id='word_1_227' title='bbox 780 2098 981 2132; x_wconf 87' lang='lat' dir='ltr'>notabiliter</span> <span class='ocrx_word' id='word_1_228' title='bbox 1003 2107 1196 2142; x_wconf 85' lang='lat' dir='ltr'>arguuntur.</span> <span class='ocrx_word' id='word_1_229' title='bbox 1240 2096 1344 2141; x_wconf 73' lang='lat' dir='ltr'>‘Quae</span> 
     </span>
     <span class='ocr_line' id='line_1_34' title="bbox 201 2159 1343 2208; baseline -0.004 -11"><span class='ocrx_word' id='word_1_230' title='bbox 201 2177 253 2197; x_wconf 88' lang='lat' dir='ltr'>res</span> <span class='ocrx_word' id='word_1_231' title='bbox 276 2163 375 2197; x_wconf 84' lang='lat' dir='ltr'>nobis</span> <span class='ocrx_word' id='word_1_232' title='bbox 401 2162 622 2208; x_wconf 81' lang='lat' dir='ltr'>tripartitam,</span> <span class='ocrx_word' id='word_1_233' title='bbox 647 2162 708 2206; x_wconf 89' lang='lat' dir='ltr'>(ut</span> <span class='ocrx_word' id='word_1_234' title='bbox 732 2161 767 2195; x_wconf 88' lang='lat' dir='ltr'>in</span> <span class='ocrx_word' id='word_1_235' title='bbox 789 2161 863 2195; x_wconf 83' lang='lat' dir='ltr'>aliis</span> <span class='ocrx_word' id='word_1_236' title='bbox 887 2161 1072 2206; x_wconf 78' lang='lat' dir='ltr'>fecimus‚)</span> <span class='ocrx_word' id='word_1_237' title='bbox 1099 2159 1343 2207; x_wconf 85' lang='lat' dir='ltr'>explanationis</span> 
     </span>
     <span class='ocr_line' id='line_1_35' title="bbox 199 2222 1343 2272; baseline -0.003 -13"><span class='ocrx_word' id='word_1_238' title='bbox 199 2225 375 2259; x_wconf 89' lang='lat' dir='ltr'>materiam</span> <span class='ocrx_word' id='word_1_239' title='bbox 411 2224 565 2272; x_wconf 85' lang='lat' dir='ltr'>subjicit,</span> <span class='ocrx_word' id='word_1_240' title='bbox 599 2224 646 2259; x_wconf 87' lang='lat' dir='ltr'>ita</span> <span class='ocrx_word' id='word_1_241' title='bbox 680 2234 718 2258; x_wconf 90' lang='lat' dir='ltr'>ut</span> <span class='ocrx_word' id='word_1_242' title='bbox 750 2224 1007 2258; x_wconf 87' lang='lat' dir='ltr'>benedictiones</span> <span class='ocrx_word' id='word_1_243' title='bbox 1038 2222 1198 2257; x_wconf 86' lang='lat' dir='ltr'>historiae</span> <span class='ocrx_word' id='word_1_244' title='bbox 1227 2222 1343 2256; x_wconf 83' lang='lat' dir='ltr'>locum</span> 
     </span>
    </p>
   </div>
   <div class='ocr_carea' id='block_1_3' title="bbox 200 2284 1343 2338">
    <p class='ocr_par' dir='ltr' id='par_1_5' title="bbox 200 2284 1343 2338">
     <span class='ocr_line' id='line_1_36' title="bbox 200 2284 1343 2338; baseline -0.006 -13"><span class='ocrx_word' id='word_1_245' title='bbox 200 2298 351 2332; x_wconf 78' lang='lat' dir='ltr'>servent3</span> <span class='ocrx_word' id='word_1_246' title='bbox 398 2289 580 2338; x_wconf 76' lang='lat' dir='ltr'>prophetia</span> <span class='ocrx_word' id='word_1_247' title='bbox 616 2301 697 2324; x_wconf 84' lang='lat' dir='ltr'>vero</span> <span class='ocrx_word' id='word_1_248' title='bbox 742 2287 922 2338; x_wconf 74' lang='lat' dir='ltr'>mysticum</span> <span class='ocrx_word' id='word_1_249' title='bbox 961 2296 1062 2336; x_wconf 86' lang='lat' dir='ltr'>atque</span> <span class='ocrx_word' id='word_1_250' title='bbox 1102 2284 1343 2333; x_wconf 80' lang='lat' dir='ltr'>dogmaticum,</span> 
     </span>
    </p>
   </div>
  </div>
 </body>
</html>
