1422 2472
365 69 434 94 ruo
462 60 630 94 officum:
657 58 882 92 ADMOMTIO.
1128 59 1194 95 265

58 153 146 187 tibus
172 150 259 198 ejus,
284 151 318 184 id
345 161 412 192 cst,
437 164 501 197 pro
525 148 780 196 praeexistentia
806 158 839 182 et
864 148 1077 182 restitutione
1103 163 1197 183 com-

58 215 183 261 posito,
209 216 303 260 quod
322 214 480 260 Martyris
505 223 538 247 et
562 212 666 258 ipsius
679 211 819 245 Eusebii
835 211 1058 246 CaesarIensis
1081 212 1195 245 nomi-

57 278 155 311 nibus
190 285 425 323 praenotatur,
461 274 577 307 multis
612 275 708 307 valde
744 275 1022 319 praecedentium
1055 276 1196 309 Patrum

57 340 257 374 testimoniis
281 352 359 372 usus
385 348 433 371 est
457 351 520 383 pro
545 336 728 383 praedictis
753 338 958 372 erroribus.‹<
1009 337 1114 381 Quod
1138 351 1197 372 au-

58 413 126 436 tem
151 402 198 436 ait
220 400 407 441 Eusebius,
439 401 525 433 hane
549 413 568 433 a
591 412 625 432 se
652 408 684 432 et
709 413 727 433 a
750 409 896 447 martyre
919 400 1100 446 Pamphilo
1126 401 1197 434 De-

58 465 246 499 sensionem
263 462 419 506 Origenis
445 462 545 494 fuisse
570 461 795 506 conscriptam
822 473 985 508 »propter
1009 464 1196 497 malevolos

59 529 222 573 quosdam
247 527 492 559 obtrectatores
504 537 532 565 ,α
566 524 655 557 haud
680 524 751 557 scio
777 537 818 557 an
843 538 912 558 non
936 525 1121 571 praecipue
1144 539 1198 558 re-

58 589 177 635 spiciat
201 588 419 622 Blethodium
444 586 587 634 Olympi
611 586 645 620 in
667 586 770 633 Lycia
795 587 1016 633 episcopum,
1043 588 1099 632 qui
1123 597 1197 622 tum

58 650 250 684 eruditione
275 649 514 684 celeberrimus
540 657 621 681 erat.
658 649 745 681 Nam
765 649 953 683 »Eusebius
975 649 1197 684 Caesariensis

58 713 278 758 episcopus,«
314 712 439 757 (yerba
463 720 540 744 sunt
563 710 767 758 Hieronymi
790 711 851 745 lib.
870 712 896 745 I.
922 711 1114 757 Apologiae
1138 713 1198 745 ad-

55 788 170 808 versus
194 774 384 819 Rufinum,)
410 773 466 806 »in
491 782 584 806 sexto
611 773 700 806 libro
725 775 786 818 τῆς
811 774 1014 820 ἀπολογίας
1039 774 1198 817 Origenis

56 838 122 870 hoc
146 837 238 870 idem
263 836 382 883 objicit
405 835 588 870 Methodio
613 836 779 882 episcopo
806 846 839 870 et
863 837 1018 883 Martyri,
1043 838 1136 883 quod
1160 847 1199 871 tu

56 901 92 933 in
122 900 206 933 meis
237 899 393 933 laudibus
428 898 633 941 criminaris3
668 909 700 944 et
730 899 832 934 dicit:
882 898 1073 944 Quomodo
1101 913 1198 934 ausus

57 971 106 995 est
129 961 326 994 Methodius
350 975 441 995 nunc
466 971 583 995 contra
608 961 795 1005 Origenem
824 962 990 1006 scribere,
1025 962 1083 1008 qui
1114 963 1198 997 haec

57 1033 90 1057 et
136 1023 218 1057 haec
266 1024 309 1056 de
343 1023 498 1066 origenis
546 1024 680 1057 locutus
729 1034 779 1058 est
826 1024 1092 1067 dogmatibus?«
1139 1026 1198 1059 Li-

56 1088 156 1119 brum
182 1087 223 1119 de
247 1086 511 1120 Resurrectione
544 1086 678 1132 scripsit
701 1086 900 1121 Methodius
935 1087 1093 1121 adversus
1118 1088 1198 1122 Ori-

56 1162 194 1192 genem,
229 1148 370 1182 testibus
408 1148 620 1196 Hieronymo
658 1158 690 1181 et
728 1148 941 1194 Epiphanio:
979 1159 1080 1195 atque
1114 1150 1197 1184 haec

59 1225 155 1245 causa
186 1211 288 1245 fuisse
312 1211 464 1252 videtur,
497 1225 556 1244 cur
579 1211 744 1244 Eusebius
776 1210 811 1244 in
843 1211 911 1245 suis
936 1211 1109 1245 Historiae
1132 1212 1198 1246 Ec-

57 1274 264 1308 clesiasticae
296 1273 391 1306 libris
421 1273 551 1306 nullam
585 1273 654 1320 ejus
690 1273 899 1307 mentionem
933 1274 1062 1308 fecerit.
1109 1275 1197 1308 Nam

56 1350 131 1371 cum
167 1348 284 1369 omues
316 1336 388 1369 fere
423 1336 666 1370 ecclesiasticos
698 1336 890 1382 Scriptores
921 1336 957 1370 in
993 1337 1060 1370 hoc
1091 1351 1196 1383 opere

55 1408 208 1434 accurate
234 1399 563 1439 commemoraverit,
589 1398 807 1432 Methodium
831 1408 943 1433 tamen
969 1400 1011 1433 de
1030 1400 1195 1434 industria

54 1462 297 1509 praetermisit,
336 1474 376 1494 eo
413 1462 505 1506 quod
536 1461 738 1504 Origenem,
775 1475 876 1507 quem
906 1462 978 1507 ipse
1010 1463 1194 1508 praecipue

53 1526 256 1566 mirabatur,
286 1524 559 1569 impugnavisset.
606 1524 664 1558 Sic
694 1524 925 1571 Hieronymus
955 1525 1088 1566 Rufini,
1120 1526 1195 1571 qui-

55 1604 133 1624 cum
157 1588 344 1623 simultates
372 1586 530 1627 exercuit,
555 1586 683 1619 nullam
707 1586 742 1620 in
766 1599 828 1620 suo
849 1586 1014 1630 Catalogo
1040 1587 1193 1623 virorum

55 1653 240 1687 illustrium
262 1650 472 1684 mentionem
498 1648 588 1682 fecit.

142 1716 186 1748 ΙΙ.
218 1715 318 1748 Anno
335 1712 460 1747 Christi
483 1711 560 1747 397.
585 1712 728 1745 Rufinus
753 1724 770 1744 e
786 1711 975 1746 Palaestina
999 1712 1034 1746 in
1059 1713 1191 1759 Itqliaui

55 1793 73 1812 a
97 1788 210 1812 sancto
236 1776 434 1812 Chromatio
463 1774 687 1820 Aquileiensis
721 1774 881 1808 ecclesiae
916 1775 1080 1821 episcopo
1113 1790 1194 1810 evo-

55 1851 167 1882 catus,
198 1840 257 1874 ubi
279 1841 425 1873 Romam
451 1838 602 1878 advenit,
633 1837 783 1883 primum
809 1836 906 1883 hujus
932 1839 1125 1882 Apologiae
1149 1840 1192 1872 li-

53 1906 153 1939 hrum
167 1904 286 1938 Latine
310 1903 420 1944 vertit,
445 1911 479 1935 et
502 1903 562 1935 sub
586 1901 662 1935 solo
688 1900 842 1947 martyris
855 1900 1027 1945 Pamphili
1049 1902 1190 1937 nomine

55 1966 252 2013 publicavit.
301 1966 370 2000 Cur
392 1974 505 1998 autem
537 1964 573 1997 id
598 1963 711 2009 operis
743 1976 911 2006 aggressus
943 1963 1007 2006 sit,
1036 1964 1084 1998 sic
1118 1965 1191 2010 ipse

56 2030 194 2075 exponit
224 2029 283 2063 lib.
301 2031 326 2062 Ι.
351 2029 508 2062 adversus
533 2026 797 2073 Hieronymum:
847 2026 928 2059 »Vir
959 2027 1044 2068 fide,
1077 2028 1191 2061 erudi-

54 2093 160 2133 tione,
182 2092 371 2133 nobilitate,
397 2092 464 2124 vita
488 2091 595 2125 clarus
613 2089 814 2130 Macharius,
841 2102 917 2123 cum
944 2091 1108 2135 opuscula
1132 2092 1191 2124 ad-

55 2168 168 2188 versus
193 2155 299 2188 satum
322 2156 377 2188 vel
399 2154 564 2188 mathesin
587 2154 724 2187 haberet
742 2153 776 2186 in
794 2154 958 2193 manibus,
984 2165 1088 2198 eaque
1113 2153 1189 2188 utili

56 2230 90 2254 et
119 2218 368 2266 pernecessario
400 2219 523 2252 sudore
559 2226 797 2263 componeret:
833 2217 868 2249 in
892 2215 1070 2261 aliquantis
1094 2229 1188 2260 vero,

57 2283 134 2334 quia
167 2292 237 2318 erat
271 2281 480 2331 perdifficilis
516 2281 670 2323 materia,
707 2281 748 2314 de
783 2279 914 2316 divinae
951 2278 1185 2328 providentiae
