1422 2472
379 132 695 164 OfflGEMANORUM
723 131 836 164 Lmen
864 132 906 164 ΙΙ.
1160 129 1205 164 85

70 219 272 252 Theodorus
289 220 358 260 ille,
383 234 483 265 quem
504 220 582 261 dixi,
608 220 756 261 Ascidas‚
780 219 960 254 Justiniani
983 219 1202 253 consiliorum

68 280 248 326 particeps,
271 294 456 327 magnaque
481 282 544 326 ipsi
569 283 796 316 familiaritate
812 281 1020 327 conjunctus.
1056 281 1199 314 Factum

68 341 128 374 ille
152 342 329 376 Eustocbii
355 343 565 388 vituperabat
589 345 710 388 palam,
738 354 770 377 et
787 345 820 377 in
836 344 946 388 ipsum
972 343 1080 375 aulam
1107 356 1199 376 com-

67 404 236 436 movebat.
286 405 396 450 Atque
429 405 512 437 hanc
543 408 712 448 cogendae
746 407 881 452 quintae
905 404 1026 450 synodi
1051 417 1197 438 caussam

66 464 166 497 fuisse
191 466 340 498 scribunt
363 466 524 508 Evagrius
549 476 581 499 et
605 468 827 513 Nicephorus.

158 527 253 559 Xlll.
318 528 441 561 Coacta
483 529 779 574 Constantinopoli
821 529 952 576 synodo
994 541 1082 560 anno
1121 527 1197 563 553.

65 587 181 620 multis
205 588 236 620 in
263 601 299 620 ea
325 590 366 621 de
392 590 495 622 tribus
525 589 690 635 Capitulis
714 600 825 623 actum
852 598 910 624 est.
948 589 1045 632 Quae
1068 588 1198 630 singula

66 649 130 681 huc
155 650 280 683 referre
305 651 464 695 quoniam
494 665 562 684 non
588 661 637 684 est
660 652 766 685 nostri
790 651 954 694 instituti3
987 650 1106 682 dixisse
1132 650 1197 683 hoc

65 723 169 743 unum
194 711 357 751 sufficiat,
388 712 554 745 renitente
579 713 726 755 Vigilio,
751 713 808 758 qui
832 712 953 759 synodi
976 711 1198 744 celebrationi

63 784 127 816 pro
153 771 279 805 viribus
310 772 558 814 intercesserat,
592 784 625 807 et
652 774 716 808 tria
746 774 903 820 Capitula
936 775 1049 807 denuo
1081 774 1198 806 defen-

64 833 175 865 denda
197 845 371 876 sumserat,
396 837 549 869 damnata
573 837 631 869 illa
654 836 875 869 nihilominus
899 836 1018 878 suisse3
1047 844 1082 867 et
1105 835 1197 878 Vigi-

64 893 148 927 lium
174 895 368 937 Theodori,
400 898 495 938 lbae,
528 908 561 931 et
590 898 801 933 Theodoreti
825 908 936 942 partes
960 906 1111 930 tuentem
1135 909 1197 941 per

65 956 219 990 libellum
244 971 261 990 a
285 971 319 990 se
345 959 592 1004 compositum,
627 970 660 993 et
689 959 880 993 Justiniano
905 959 1061 1000 missum,
1094 970 1195 1003 quem

66 1017 312 1053 Constz‘tutum
335 1022 537 1066 appellavit,
571 1032 604 1054 et
627 1022 783 1056 Concilio
808 1021 1017 1054 subscribere
1042 1032 1196 1052 recusan-

64 1090 151 1120 tem,
190 1082 224 1114 in
258 1083 446 1115 custodiam
479 1084 579 1116 fuisse
605 1094 734 1125 actum;
769 1082 949 1116 modicum
973 1083 1136 1127 eipanz‘s
1160 1086 1197 1113 el

64 1152 183 1186 aquae
207 1143 309 1175 fuisse
333 1144 606 1188 suppeditatum,
638 1155 674 1177 ut
697 1146 796 1177 habet
820 1143 1009 1177 Anastasius
1033 1144 1068 1175 in
1092 1142 1196 1187 ipsius

67 1203 143 1244 vita,
168 1204 360 1249 multosque
386 1205 566 1251 episcopos
600 1219 638 1238 ex
664 1206 804 1252 Illyricis
829 1205 1012 1250 praecipue
1037 1214 1071 1236 et
1097 1203 1196 1243 Afris,

66 1267 206 1298 candem
233 1267 278 1298 ob
303 1279 449 1299 caussam
473 1268 609 1300 sedibus
634 1268 735 1301 fuisse
769 1266 934 1312 dejectos,
967 1265 1083 1298 exsilio
1108 1265 1197 1297 mul-

66 1336 183 1367 ctatos,
209 1341 241 1360 es
265 1327 375 1359 modis
400 1328 557 1361 omnibus
581 1330 669 1361 male
694 1329 843 1370 habitos;
866 1328 951 1360 alios
976 1327 1099 1360 ditatos
1123 1340 1198 1359 mu-

64 1389 200 1421 neribus
222 1402 390 1422 assensum
413 1390 623 1433 praebuisse:
647 1391 706 1423 sed
724 1391 912 1423 Romanam
932 1389 1069 1421 demum
1088 1388 1196 1421 eccle-

65 1450 145 1483 siam
176 1451 264 1484 inter
287 1449 551 1492 Oecumenicas‚
591 1461 625 1484 et
654 1452 819 1494 legitimas
854 1451 1003 1498 synodos
1033 1450 1196 1495 quintam,

64 1513 118 1544 vel
143 1511 259 1554 Vigilii
283 1511 398 1556 ipsius,
424 1513 477 1545 vel
494 1513 634 1556 Pelagii,
657 1514 871 1558 aliorumque
886 1512 1087 1558 pontificum
1111 1522 1197 1545 nutu

63 1573 253 1615 admisisse;
278 1583 312 1606 et
334 1575 375 1606 ab
401 1575 537 1616 exsilio,
566 1586 685 1618 rogatu
708 1576 875 1615 Narsetis,
898 1584 1094 1607 revocatum
1120 1588 1196 1607 cum

65 1635 138 1668 aliis
165 1635 347 1677 vigilium,
381 1637 461 1668 dum
487 1637 632 1669 Romam
656 1647 836 1682 repeteret,
860 1637 893 1669 in
918 1636 1035 1670 Sicilia
1061 1635 1195 1669 obiisse.

65 1697 283 1730 Manifestum
314 1697 427 1741 itaque
455 1707 504 1730 est
536 1711 575 1730 ex
610 1699 876 1741 Origenistarum
909 1698 1196 1739 altercationibus,

66 1769 98 1791 et
122 1758 250 1801 Pelagii
274 1771 312 1792 ac
336 1759 513 1792 Theodori
539 1760 759 1794 Caesariensis
792 1760 1019 1793 simultatibus
1051 1769 1085 1793 et
1108 1760 1196 1793 odiis

65 1820 126 1853 hos
151 1829 263 1852 motus
287 1828 321 1852 et
343 1823 456 1854 turbas
479 1821 514 1854 in
540 1822 678 1855 ecclesia
710 1822 880 1856 exstitisse.
932 1822 1041 1855 »Illud
1065 1821 1196 1866 liquere

69 1882 225 1915 omnibus
255 1881 376 1924 credo,
418 1881 528 1927 inquit
556 1883 731 1917 Liberatus
760 1884 910 1917 Breviar.
937 1897 1008 1928 cap.
1037 1884 1105 1924 24„
1134 1896 1197 1928 per

68 1943 240 1987 Pelagium
265 1944 464 1986 diaconum,
497 1954 530 1977 et
551 1946 771 1979 Theodorum
810 1947 990 1979 Caesareae
1016 1946 1197 1990 Cappado-

70 2005 139 2038 ciae
163 2006 362 2050 episcopum
386 2006 451 2038 hoc
473 2008 666 2040 scandalum
693 2008 726 2040 in
752 2008 926 2040 ecclesiam
948 2007 1050 2040 fuisse
1074 2007 1198 2049 ingres-

70 2081 153 2100 sum.
180 2066 286 2110 Quod
299 2067 398 2100 etiam
417 2069 552 2113 publice
569 2070 640 2114 ipse
657 2070 860 2103 Theodorus
886 2069 1079 2109 clamitavit,
1105 2082 1139 2101 se
1165 2079 1198 2101 et

70 2129 243 2171 Pelagium
268 2128 361 2162 vivos
385 2130 626 2173 incendendos,
650 2145 712 2176 per
733 2145 817 2175 quos
841 2131 906 2163 hoc
929 2132 1124 2163 scandalum
1150 2131 1199 2162 in-

69 2183 187 2223 troivit
211 2190 243 2222 in
269 2192 460 2225 mundum.«
512 2194 729 2226 Domitianus
759 2194 830 2238 ipse
862 2197 1054 2240 Ancyranus
1080 2191 1200 2231 Orige-

71 2253 164 2285 nicae
191 2251 362 2284 doctrinae
387 2264 547 2295 assertor,
579 2257 612 2288 in
638 2256 779 2301 epistola
805 2257 947 2300 quadam
973 2255 1013 2286 ad
1040 2252 1199 2294 Vigilium

73 2315 219 2359 Papam,
245 2312 508 2354 Origenistarum
535 2330 637 2361 opera
664 2319 787 2350 factum
813 2315 973 2358 agnoscit,
998 2324 1032 2347 ut
1058 2315 1119 2347 tria
1141 2314 1202 2346 Ca-
