1422 2472
395 75 582 107 APOLOGIA
607 81 676 105 pao
693 71 870 106 Omomvss.
1136 70 1201 106 313

83 161 224 196 Domini
249 162 444 195 sententiam
468 162 680 195 sentiendum
705 170 772 200 est,
801 170 838 193 ut
870 160 926 205 qui
955 160 988 192 in
1012 161 1127 205 paucis
1151 161 1203 193 in-

84 224 216 257 venitur
239 224 365 264 fidelis,
396 237 464 256 non
496 224 594 256 etiam
624 223 657 254 in
688 221 802 254 multis
833 231 866 254 et
895 221 1008 254 haberi
1038 223 1205 268 debeam)

85 295 119 318 et
152 286 244 318 credi
273 286 392 320 fidelis.
446 286 596 319 Primum
629 297 707 326 ergo
746 297 784 316 ex
815 283 885 329 ejus
918 283 1010 316 libris
1041 297 1205 328 ponemus

87 347 296 391 exemplum,
333 349 425 393 quod
455 348 505 380 illi
538 346 704 392 superiori
734 345 928 385 conveniat,
965 360 1001 379 ex
1032 359 1073 378 eo
1106 347 1206 388 libro,

87 421 186 452 quem
211 409 244 441 in
271 410 448 454 epistolam
478 410 575 442 Pauli
605 407 764 452 Apostoli
797 407 837 438 ad
863 406 979 439 Titum
1010 408 1143 453 scripsit
1166 411 1207 442 de

86 481 129 500 eo
155 470 317 514 capitulo,
341 472 374 504 in
400 485 466 516 quo
493 471 574 504 dicit
599 469 802 515 Apostolus:
836 469 1116 515 »Haereticum²)
1146 471 1208 503 ho-

87 530 212 563 minem
250 542 326 576 post
360 536 505 578 unam3)
541 532 789 577 correptionem
822 531 950 571 devita,
990 531 1096 564 sciens
1133 533 1210 577 quia

87 604 262 636 perversus
288 604 347 634 est,
372 605 405 628 et
427 604 555 640 peccat,
579 595 637 639 qui
663 603 711 626 est
733 606 750 625 a
775 602 880 625 semet
903 592 977 637 ipso
1004 594 1208 628 damnatus«

88 652 142 684 De
167 666 234 697 quo
249 654 282 698 ⁴)
309 655 391 688 dicit
412 656 518 701 qualis
542 656 584 688 sit
609 655 665 700 qui
688 654 884 694 haereticus,
908 663 941 687 et
957 654 1063 698 qualis
1087 655 1129 687 sit
1153 657 1211 701 qui

90 715 273 749 catholicus
298 725 347 749 est
369 726 403 759 et
431 717 683 750 ecclesiasticus.

179 777 422 811 ORIGENES.
473 779 673 820 »Nomen⁵)
698 777 859 817 haeresis,
883 787 1043 822 quantum
1068 792 1129 822 ego
1155 781 1213 813 de—

89 838 296 881 prehendere
320 840 437 884 potui,
469 840 569 872 etiam
592 839 626 871 in
645 838 679 882 ⁶)
706 839 848 884 epistola
873 840 913 872 ad
938 840 1132 874 Corinthios
1157 843 1215 874 de-

89 899 236 941 signatur
250 900 315 934 hoc
338 901 460 934 modo:
486 901 677 946 Oportet⁷)
703 901 790 933 enim
807 901 957 934 haereses
976 915 1057 942 esse,
1081 912 1119 935 ut
1135 917 1215 948 pro-

90 961 160 994 bati
183 963 350 996 manifesti
380 963 460 995 fiant
489 963 576 995 inter
599 976 670 996 vos.
716 963 761 995 Et
783 962 906 996 iterum
930 964 970 996 ad
996 964 1141 1005 Galatas,
1165 966 1215 998 in-

92 1030 144 1054 ter
175 1035 278 1067 opera
307 1023 413 1056 carnis
450 1024 640 1069 haeresisss)
677 1037 813 1069 quoque
852 1037 976 1057 nomen
1005 1026 1216 1067 adscribitur,

93 1083 180 1116 sicut
193 1084 226 1128 ⁹)
250 1084 313 1117 ait:
344 1085 590 1130 Manifesta¹⁰)
624 1095 734 1118 autem
765 1095 842 1118 sunt
866 1099 967 1130 opera
992 1089 1108 1128 carnis,
1133 1102 1217 1133 quae

95 1154 170 1177 sunt
194 1146 392 1185 fornicatio,
417 1145 647 1186 immunditia,
671 1146 898 1191 impudicitia,
923 1147 1137 1189 idololatria,
1162 1163 1219 1183 ve-

94 1206 224 1247 neficia,
247 1206 454 1248 inimicitiae,
479 1207 723 1247 contentiones,
747 1208 1000 1249 aemulationes,
1017 1209 1096 1250 irae,
1119 1211 1219 1251 rixae,

97 1268 306 1311 discordiae,
331 1270 498 1310 haereses,
524 1269 716 1308 ebrietates,
750 1270 1024 1311 comessationes,
1049 1281 1082 1304 et
1105 1272 1154 1305 his
1178 1274 1222 1306 si-

96 1331 201 1371 milia,
226 1344 311 1377 quae
335 1341 368 1365 et
383 1331 542 1376 praedico
560 1332 569 1351 ¹
584 1332 614 1375 ¹)
639 1331 746 1371 vobis,
771 1331 928 1376 quoniam
946 1331 1002 1376 qui
1021 1333 1099 1366 talia
1111 1344 1221 1376 agunt,

97 1404 237 1434 regnum
266 1393 334 1426 Dei
370 1407 439 1427 non
478 1394 710 1438 possidebunt.
762 1394 827 1426 Per
864 1405 947 1437 quae
978 1396 1220 1438 cognoscimus,

99 1455 259 1499 quoniam
282 1455 369 1489 sicut
391 1455 444 1496 hi,
476 1455 533 1500 qui
557 1453 852 1495 fornicationibus,
888 1454 942 1487 vel
957 1454 1010 1500 ¹²)
1041 1455 1222 1491 immundi-

198 1583 228 1627 Ι)
253 1583 338 1616 Edd.
375 1584 423 1617 M.
454 1584 572 1617 debeat
605 1583 715 1626 fidelis
754 1590 786 1616 et
824 1585 928 1617 credi.
959 1603 1002 1607 —
1039 1584 1107 1618 Cfr.
1139 1587 1219 1620 Luc.

102 1628 195 1669 XVI,
221 1628 272 1663 10.
475 1630 509 1674 ²)
536 1629 605 1661 Cfr.
634 1628 701 1661 Tit.
727 1628 784 1667 111,
810 1628 862 1662 10.
890 1629 940 1663 11.
1144 1647 1148 1648 ⁷

195 1683 230 1728 ³)
256 1683 382 1717 Omnes
402 1684 482 1717 Mss.
503 1697 617 1718 unam.
640 1683 732 1716 Editi
747 1684 794 1727 (v.
810 1698 835 1718 c.
851 1685 926 1717 edd.
943 1685 1008 1729 M.)
1031 1687 1165 1721 trinam.
1181 1689 1222 1724 R,

196 1738 233 1782 ⁴)
256 1740 389 1773 Desunt
419 1740 451 1773 in
485 1741 642 1773 omnibus
671 1741 750 1773 Mss.
784 1740 922 1781 nostris,
954 1741 1012 1773 sed
1044 1752 1167 1776 exstant
1190 1744 1223 1777 in

106 1785 203 1817 editis
235 1787 282 1828 (v.
307 1798 334 1819 c.
360 1787 435 1819 edd.
461 1786 526 1830 M.)
552 1787 667 1819 verba:
698 1788 749 1820 De
779 1799 842 1830 quo
867 1788 950 1819 <licit
980 1807 1022 1811 —
1057 1795 1089 1821 et
1113 1791 1223 1823 eccle-

105 1832 274 1863 siasticus.
298 1831 336 1863 R.

201 1887 234 1930 ⁵)
257 1886 421 1920 Desumta
457 1897 530 1920 sunt
564 1888 644 1920 haec
677 1889 775 1919 verba
807 1900 844 1919 ex
875 1887 1101 1923 commentar.
1132 1890 1224 1932 Orig.

109 1931 142 1963 in
168 1931 263 1976 epist.
288 1933 329 1964 ad
342 1933 468 1967 Titum.
494 1933 562 1965 Csr.
584 1934 635 1965 ed.
658 1942 759 1966 nostr.
785 1933 882 1965 Tom.
898 1933 937 1964 V.
962 1946 1034 1977 pag.
1046 1934 1122 1969 283.
1134 1948 1226 1980 seqq,

202 1986 235 2031 ⁶)
260 1987 347 2021 Edd.
372 1989 418 2020 M.
442 1991 480 2022 in
502 1991 643 2034 epistola
667 1991 768 2023 Pauli
790 1990 942 2034 Apostoli
965 1990 1010 2021 (td
1033 1999 1094 2022 etc.

203 2043 237 2087 7)
262 2044 276 2075 l
303 2044 381 2078 Cor.
406 2045 465 2084 Xl,
490 2046 541 2079 19.
636 2046 670 2090 Β)
695 2046 781 2079 Edd.
808 2047 855 2078 M.
880 2047 1062 2078 haereseos.

207 2101 240 2144 ⁹)
265 2100 351 2132 Edd.
377 2101 424 2134 M.
449 2108 495 2134 ut.
593 2102 647 2146 ¹⁰)
673 2102 743 2136 Csr.
769 2102 878 2135 Galat.
903 2103 944 2141 V,
972 2101 1110 2136 19—21.

189 2155 241 2202 ¹¹)
265 2155 353 2189 Edd.
386 2157 432 2188 M.
461 2160 632 2201 praedixi.
666 2179 704 2184 —
739 2158 807 2192 Csr.
840 2158 892 2192 ed.
924 2167 1025 2190 nostr.
1058 2158 1157 2193 Tom.
1190 2160 1228 2191 V.

116 2214 186 2245 pag.
210 2200 287 2234 284.
312 2210 381 2232 not.
410 2200 441 2236 3.

189 2257 241 2300 ¹2)
267 2256 351 2289 Edd.
376 2257 423 2289 M.
450 2264 489 2291 ee.
