1422 2472
364 88 675 121 OiuGEMANonum
699 86 816 120 Lmen
842 85 886 119 ΙΙ.
1140 82 1186 118 23

47 178 143 213 betis.
188 178 233 211 Et
258 191 334 210 cum
361 191 419 210 vos
444 191 608 220 rogarem,
631 189 673 208 ne
688 176 733 209 ita
747 173 911 215 erraretis,
937 182 970 206 et
992 185 1180 212 monerem,

47 239 304 280 contradixistis,
331 249 363 272 et
384 253 438 271 me
463 240 504 271 ad
530 238 696 271 tristitiam
729 246 762 270 ct
793 237 954 281 lacrymas
977 233 1178 267 adduxistis:

45 315 112 333 non
137 301 248 334 solum
274 311 384 334 antem
410 315 483 340 ine,
519 301 577 333 sed
611 309 644 332 et
666 299 752 333 alios
778 297 944 343 plurimos
970 295 1177 336 Catholhms,

45 363 101 407 qui
128 363 318 395 intererant.
369 363 469 402 lude,
500 371 538 394 ut
564 361 734 403 intelligo,
767 361 847 392 haec
881 368 930 391 est
955 358 1065 391 omnis
1088 357 1176 390 indi-

43 424 167 465 gnatio,
193 433 225 456 et
249 423 309 456 iste
333 425 448 464 summ
472 432 504 455 et
529 422 657 456 idcirco
684 420 957 459 comminamini,
982 421 1076 465 quod
1099 418 1177 451 mit-

44 485 118 517 tatis
141 486 318 518 adversum
342 498 396 516 me
422 483 602 528 epistolas,
637 493 674 516 ut
704 484 770 516 huc
800 482 952 528 illucque
982 494 1095 514 sermo
1120 494 1173 512 ve-

42 556 111 578 ster
134 546 328 579 discurrat«
376 545 535 589 Denique
566 544 783 590 propositum
814 543 882 576 sibi
918 556 988 575 esse
1028 542 1176 574 declarat

42 607 74 639 in
99 608 215 640 eadem
240 607 382 651 epistola
406 607 652 652 Hieronymus,
684 618 789 651 opere
820 602 986 650 peculiari
1018 603 1175 645 dogmata

42 669 195 711 Origeuis
220 670 424 702 convellere.

125 731 220 765 thl.
267 731 401 763 Veritus
425 730 570 773 interea,
600 743 642 762 ne
673 728 779 761 literis
803 727 964 769 Joannis,
994 736 1027 760 et
1051 726 1174 759 Isidori

39 791 357 825 insusurrationibus
393 802 576 836 occupatus
613 789 799 835 Theophili
838 789 969 822 animus
1004 789 1092 822 male
1130 789 1172 821 de

38 854 319 886 orthodoxorum
353 867 464 886 caussa
498 853 656 892 sentiret,
694 865 839 896 aequum
880 850 976 883 duxit
1004 859 1173 893 gestarum

36 928 148 947 rerum
173 915 348 948 historiam
379 916 419 948 ad
453 928 529 947 eum
565 914 792 960 perscribere,
830 926 933 958 seque
967 921 1001 946 et
1023 913 1171 955 gregales

37 990 113 1009 suos
138 977 229 1022 apud
254 990 331 1009 euin
356 990 508 1021 purgare.
547 976 671 1008 Pacem
697 989 775 1018 ergo
802 985 920 1020 optare
943 987 990 1015 se,
1014 975 1056 1007 ad
1082 986 1171 1007 eam-

36 1052 101 1082 que
127 1038 372 1072 conciliandam
396 1048 550 1084 paratum
574 1039 759 1070 declararat
782 1050 844 1082 per
867 1036 1058 1081 epistolam,
1083 1048 1170 1080 quae

36 1101 124 1133 inter
146 1100 425 1145 Hieronymianas
448 1113 591 1131 numero
616 1098 816 1141 sexagesima
844 1099 991 1130 secunda
1015 1098 1168 1136 habetur,

37 1171 69 1194 rt
95 1162 215 1193 eodem
241 1173 327 1193 anno
353 1160 429 1196 393.
457 1161 531 1192 data
557 1170 621 1193 est:
647 1160 752 1192 multa
777 1159 899 1192 deinde
919 1158 1077 1203 imposita
1101 1157 1168 1193 sibi

10 1227 53 1255 'a
78 1224 208 1256 Joanne
234 1222 374 1255 crimina
407 1223 576 1263 confuiat;
613 1221 646 1254 in
681 1221 800 1265 quibus
831 1221 1074 1254 advertendum
1107 1228 1168 1259 est,

34 1284 264 1317 insimulatum
290 1297 366 1316 eum
398 1296 415 1316 a
445 1285 594 1322 Joanne,
632 1283 725 1327 quod
750 1283 906 1325 Origenis
937 1295 1041 1327 opera
1065 1293 1166 1326 quae-

34 1350 111 1380 dam
140 1346 256 1379 Latine
289 1345 460 1384 vertisset,
487 1345 718 1389 respondisse:
754 1344 851 1376 »Hoc
881 1357 949 1376 non
980 1344 1073 1377 solus
1102 1355 1165 1385 ego

34 1408 116 1448 scci,
145 1408 205 1440 sed
239 1417 272 1440 et
306 1407 481 1440 confessor
511 1406 661 1439 Hilarius
691 1405 790 1447 fecit3
823 1414 855 1438 et
886 1415 997 1438 tamen
1021 1414 1164 1449 uterque

32 1479 185 1503 nostrum
213 1468 312 1502 noxia
345 1481 497 1513 quaeque
532 1469 732 1501 detruncans
763 1467 860 1500 utilia
891 1467 1104 1500 transtulittu
1132 1475 1166 1499 et

33 1531 136 1577 paulo
167 1540 263 1576 post:
303 1531 425 1564 »Sicut
464 1530 553 1562 enim
585 1529 899 1574 interpretationem
931 1538 965 1561 et
1002 1528 1164 1561 idiomata

32 1593 283 1638 scripturarum
309 1591 448 1634 Origeni
471 1604 606 1636 semper
627 1591 776 1631 attribui,
800 1591 844 1624 ita
865 1591 1060 1632 dogmatum
1084 1602 1166 1624 con-

30 1654 232 1688 stantissime
264 1653 388 1686 abstuli
420 1653 632 1686 veritatem.«
697 1653 745 1686 Ut
783 1653 938 1685 ostendat
977 1660 1164 1696 praeterea,

33 1728 132 1760 quam
157 1728 239 1748 vana
271 1725 357 1748 esset
378 1715 518 1748 Joannis
552 1715 592 1747 de
623 1713 812 1747 Pauliniani
845 1713 1057 1747 ordinatione
1081 1725 1163 1758 que-

30 1778 110 1817 rcla,
135 1777 327 1809 ordinatum
352 1790 428 1809 eum
459 1777 575 1809 asserit
599 1776 632 1808 in
656 1775 1001 1820 Eleutlieropolitano
1025 1774 1162 1808 territo-

31 1838 102 1879 rio,
132 1851 201 1871 non
225 1838 259 1870 in
286 1839 444 1872 Aeliensi.
489 1838 766 1882 Eleutheropolis
796 1847 910 1870 autem
942 1851 979 1870 ea
1012 1846 1062 1869 est
1091 1836 1161 1869 He-

29 1901 133 1941 bron;
165 1900 274 1939 Aelia,
313 1890 512 1933 Jerusalem.
562 1900 720 1944 Denique
749 1909 930 1944 postquam
963 1899 1005 1931 ad
1036 1911 1161 1943 procu-

30 1962 170 1994 randum
194 1962 260 1995 sibi
284 1961 422 1995 exitium
446 1963 611 1994 Joannem
638 1963 826 2001 laborasse,
860 1970 893 1993 et
923 1959 1158 1993 auctoritatem

32 2023 199 2066 publicam
232 2036 270 2055 ac
305 2023 466 2068 rescripta
496 2023 694 2056 sollicitasse
721 2033 858 2067 questus
882 2032 949 2061 est,
975 2034 1099 2066 cupere
1121 2034 1158 2053 se

31 2082 209 2125 significat,
231 2094 267 2116 ut
291 2085 478 2118 discordiae
506 2099 620 2118 omncs
654 2085 838 2129 sopiantur.
886 2084 1037 2127 Utraque
1061 2090 1156 2126 parte

31 2145 142 2183 audita
173 2145 346 2179 veritatem
380 2147 550 2192 perspexit
573 2147 804 2191 Theophilus,
841 2156 873 2178 et
905 2145 1001 2178 malis
1031 2143 1156 2176 artibus

30 2220 97 2238 non
123 2207 246 2238 bonam
270 2220 400 2240 causam
424 2222 442 2241 a
473 2209 603 2241 Ioanne
636 2209 776 2252 aliisque
800 2207 909 2240 foveri
935 2204 1156 2250 comperiens,

30 2269 202 2300 adversam
228 2267 272 2300 ita
296 2268 467 2312 amplexus
492 2279 559 2309 cst,
589 2279 623 2302 ut
655 2280 816 2314 utrosque
850 2279 959 2302 tamen
984 2267 1026 2299 ad
1050 2265 1156 2298 siuce-
