1422 2472
387 68 569 102 Aponoam
601 76 670 100 pno
698 67 876 100 OmGENE.
1135 63 1198 99 331

171 155 413 190 ORIGENES.
463 156 552 200 »Qui
572 158 601 201 ¹)
626 166 734 190 autem
759 155 889 188 initium
913 155 970 188 dat
987 154 1100 187 Verbo
1125 153 1201 192 Dei,

85 216 136 249 vel
159 217 349 262 Sapientiae
374 218 460 258 Dei,
484 218 669 262 intuere,‘²)
700 231 742 250 ne
766 217 866 259 magis
890 217 922 249 in
947 215 1054 260 ipsum
1079 214 1202 257 ingeni-

84 288 154 310 tum
179 279 311 312 Patrem
337 280 543 324 impietatem
567 293 658 312 suam
683 279 792 324 jaciet,
818 293 893 311 cum
907 291 981 310 eum
997 286 1094 319 neget
1116 290 1201 308 scin-

83 353 143 384 per
166 341 298 374 Patrem
324 342 443 381 fuisse,
475 351 507 374 ct
539 341 686 384 genuisse
717 342 884 378 Verbum,
915 349 948 372 et
971 338 1119 371 habuisse
1143 340 1202 371 δη-

83 402 242 446 piemiam
267 403 533 445 anterioribus³)
568 403 620 434 vel
644 403 863 446 temporibus,
896 402 949 434 vel
975 400 1124 440 saeculis,
1149 400 1200 431 vel

84 463 110 495 si
135 464 214 508 quid
240 465 324 497 illud
338 466 371 509 ⁴)
396 474 444 496 est
467 465 558 509 quod
582 464 748 496 nominari
771 473 913 508 potest.«

173 525 446 559 PAMPHlLUS.
495 527 576 558 ltem
601 525 692 557 aliud
718 524 946 557 testimonium
971 525 1012 556 de
1037 524 1175 556 eisdem.

174 587 421 622 ORIGENES.
471 587 694 631 »Efficitur⁵)
732 600 809 628 ergo
823 587 856 630 ⁶)
895 586 998 618 virtus
1032 585 1134 617 altera
1169 584 1203 616 in

84 662 140 681 sua
164 649 370 693 proprietate
401 648 596 688 subsistens,
627 657 664 681 ut
693 648 739 680 ait
768 661 877 680 sermo
910 647 1120 690 Scripturae‚
1152 659 1204 678 va-

84 712 193 755 por⁷)
220 710 354 755 quidam
379 711 505 754 primae
530 719 563 742 et
586 710 750 750 ingenitae
782 708 911 741 virtutis
936 707 1019 748 Dei,
1043 707 1107 739 hoc
1132 707 1204 751 qui-

85 773 161 804 dem
194 771 330 816 quod9)
356 761 421 810 est,
455 770 532 802 inde
563 770 712 803 trahens:
743 783 810 802 non
843 779 891 802 est
922 779 1032 802 autem
1071 769 1203 813 quando

82 847 150 866 non
175 833 285 866 suerit.
332 833 367 865 Si
394 833 480 864 enim
507 833 578 876 quis
603 833 744 865 voluerit
769 832 880 864 dicere
905 831 997 876 quasi
1022 830 1113 875 prius
1137 844 1204 862 non

85 894 255 934 exstiterit,
271 894 329 926 sed
351 903 466 938 postea
484 895 524 927 ad
541 893 783 927 subsistentiam
797 894 830 937 ⁹)
856 893 994 933 venerit,
1019 893 1106 925 dicat
1129 904 1205 924 cau-

81 969 169 996 sam,
206 969 306 1000 quare
342 956 397 999 qui
430 968 501 987 eam
531 955 765 998 substituit¹⁰)
799 955 914 995 Pater,
943 964 1018 987 ante
1050 955 1114 986 hoe
1137 967 1205 986 non

83 1016 211 1050 fecerit.
250 1016 354 1059 Quod
372 1017 399 1048 si
413 1017 552 1060 aliquod
568 1029 681 1048 semen
697 1018 703 1035 ¹
718 1017 748 1060 ¹)
764 1017 896 1048 initium
914 1015 1055 1054 dederit,
1068 1029 1135 1060 quo
1150 1017 1204 1058 ¹²)

86 1090 189 1122 vapor
212 1077 273 1110 iste
298 1091 335 1110 ex
359 1077 425 1109 Dei
449 1077 569 1109 virtute
592 1078 808 1121 processerit,
838 1078 958 1110 iterum
990 1076 1206 1118 interrogabi-

86 1149 150 1180 tur¹
168 1139 219 1184 ¹³)
245 1151 346 1184 quare
369 1152 436 1171 non
462 1148 493 1171 et
516 1148 592 1171 ante
616 1139 718 1178 illud,
750 1140 842 1184 quod
867 1139 965 1178 dixit,
1001 1137 1148 1170 initium:
1173 1148 1206 1170 et

182 1267 212 1310 ¹)
237 1268 424 1311 Depromta
448 1276 523 1299 sunt
546 1267 626 1298 haec
651 1267 750 1298 verba
775 1279 811 1298 ex
844 1266 899 1299 lib.
923 1267 946 1297 l.
979 1268 1060 1310 περὶ
1084 1265 1205 1312 ἀρχῶν

89 1326 158 1358 cap.
186 1313 226 1348 ll.
250 1326 342 1345 num.
367 1313 427 1344 ΙΙΙ.
454 1312 522 1345 Cfr.
548 1312 599 1344 ed.
624 1312 752 1355 Redep.
777 1324 848 1356 pag.
876 1311 948 1346 109.

177 1370 212 1413 ²)
237 1369 316 1401 Mss.
341 1368 486 1413 aliquot:
510 1369 694 1401 intueatur.
720 1369 759 1402 R.

177 1424 211 1468 ³)
237 1425 298 1457 Ed.
323 1425 450 1468 Redep.
475 1426 513 1457 in
537 1425 687 1457 omnibus
712 1425 941 1458 anterioribus
965 1426 1018 1458 vel
1041 1433 1104 1456 ete.

180 1481 213 1523 4)
238 1480 329 1513 Editi
357 1482 403 1523 (V.
431 1493 458 1512 c.
483 1480 558 1511 edd.
584 1480 650 1523 Μ.)
674 1481 784 1513 aliud.
831 1481 898 1513 Sed
925 1494 1040 1513 ornnes
1069 1479 1148 1512 Μεε.
1173 1487 1207 1510 et

89 1525 165 1558 libri
190 1527 231 1558 de
256 1525 434 1569 Principiis
458 1526 504 1567 (v.
531 1537 558 1556 e.
583 1525 636 1558 ed.
661 1526 805 1569 Redep.)
830 1535 868 1557 ut
890 1526 921 1557 in
948 1535 1047 1557 textu.
1070 1525 1113 1558 R.

181 1582 214 1625 ⁵)
238 1582 399 1614 Desumta
429 1590 504 1612 sunt
535 1579 613 1611 haec
646 1582 743 1614 verbm
777 1595 813 1613 ex
847 1581 904 1616 lib,
932 1582 954 1614 1,
981 1585 1061 1625 ⁷1⁶1st
1087 1581 1207 1625 ἀρχῶν

90 1641 162 1672 cap.
187 1628 227 1659 ll.
252 1640 341 1659 num.
370 1627 426 1658 ΙΧ.
453 1625 521 1658 Cfr.
547 1626 598 1657 ed.
626 1626 752 1671 Redep.
777 1640 846 1671 pag.
874 1627 948 1661 116.

181 1684 215 1726 ⁶)
240 1684 302 1716 Ed.
326 1683 455 1726 Redep.
479 1683 596 1725 ἱρέων.

183 1740 215 1784 7)
243 1739 312 1771 Csr.
338 1739 416 1782 Sap.
441 1738 565 1771 Salem.
592 1739 665 1777 Vll,
689 1739 744 1772 25.

181 1797 214 1839 ἢ)
239 1795 323 1828 Edd.
348 1796 395 1828 M.
421 1796 594 1839 quidquid.

183 1850 215 1893 ⁹)
239 1850 331 1882 Editi
363 1852 407 1895 (v.
442 1865 468 1884 c.
502 1851 577 1883 edd.
609 1852 673 1895 M.)
704 1852 940 1885 substantiam.
968 1850 1006 1882 R.
1034 1870 1072 1875 —
1098 1850 1208 1882 Gene-

92 1896 244 1928 brnrdus:
268 1897 528 1930 subsistentiam.

152 1951 335 2029 ⁶¹⁰)RLibrl
366 1956 446 1998 περὶ
479 1953 600 1997 ἀρχῶν
630 1954 675 1997 (v.
710 1967 736 1985 c.
769 1953 820 1985 ed.
854 1951 996 1995 Redep.)
1028 1951 1209 1984 subsistere

112 2004 186 2029 emt.
247 2024 253 2029 .

93 1999 114 2038 s
168 2051 219 2094 ¹¹)
243 2051 331 2083 Editi
364 2052 408 2095 (v.
436 2065 462 2086 c.
484 2054 558 2086 edd.
585 2054 633 2086 M.
659 2062 691 2085 et
715 2053 859 2097 l’iedep.)
884 2053 992 2086 semel.
1037 2051 1105 2083 sed
1131 2050 1208 2083 Mss.

96 2097 246 2140 plerique
271 2105 308 2127 ut
330 2097 362 2128 in
388 2106 489 2130 textu.
515 2099 553 2131 R.

170 2151 222 2194 ¹²)
248 2151 310 2184 Ed.
335 2153 461 2197 Redep.
486 2167 549 2198 quo
572 2156 670 2187 initio
694 2167 798 2199 vapor
823 2164 882 2186 ele.

172 2209 223 2251 ¹³)
249 2208 304 2241 Sic
337 2222 451 2242 omnes
481 2211 558 2244 Mss.
605 2210 696 2242 Editi
729 2224 807 2242 veno
840 2211 887 2253 (v.
914 2223 941 2241 e.
966 2209 1040 2241 cdd.
1067 2208 1148 2252 M),
1180 2218 1211 2239 et

102 2253 176 2286 libri
204 2256 283 2296 περὶ
310 2253 429 2298 ἀρχῶν
454 2256 498 2297 (v.
524 2269 549 2288 c.
575 2256 625 2288 ed.
651 2256 794 2299 Redep.)
820 2255 1110 2299 interrogabimus.
1138 2254 1173 2285 R.
