<?xml version="1.0" encoding="UTF-8"?>
<!DOCTYPE html PUBLIC "-//W3C//DTD XHTML 1.0 Transitional//EN"
    "http://www.w3.org/TR/xhtml1/DTD/xhtml1-transitional.dtd">
<html xmlns="http://www.w3.org/1999/xhtml" xml:lang="en" lang="en">
 <head>
  <title>
</title>
<meta http-equiv="Content-Type" content="text/html;charset=utf-8" />
  <meta name='ocr-system' content='tesseract 3.04.00' />
  <meta name='ocr-capabilities' content='ocr_page ocr_carea ocr_par ocr_line ocrx_word'/>
</head>
<body>
  <div class='ocr_page' id='page_1' title='image "./operaomniaquaegr24orig/operaomniaquaegr24orig_0407.png"; bbox 0 0 1422 2472; ppageno 0'>
   <div class='ocr_carea' id='block_1_1' title="bbox 382 58 1201 93">
    <p class='ocr_par' dir='ltr' id='par_1_1' title="bbox 382 58 1201 93">
     <span class='ocr_line' id='line_1_1' title="bbox 382 58 1201 93; baseline 0.006 -5"><span class='ocrx_word' id='word_1_1' title='bbox 382 60 563 91; x_wconf 53' lang='lat' dir='ltr'><strong>:nmmum</strong></span> <span class='ocrx_word' id='word_1_2' title='bbox 595 67 667 89; x_wconf 72' lang='lat' dir='ltr'><strong>vno</strong></span> <span class='ocrx_word' id='word_1_3' title='bbox 694 58 871 91; x_wconf 71' lang='lat' dir='ltr'>ORIGENE.</span> <span class='ocrx_word' id='word_1_4' title='bbox 1137 59 1201 93; x_wconf 82' lang='lat'><strong>387</strong></span> 
     </span>
    </p>
   </div>
   <div class='ocr_carea' id='block_1_2' title="bbox 54 146 1197 1603">
    <p class='ocr_par' dir='ltr' id='par_1_2' title="bbox 60 146 1197 917">
     <span class='ocr_line' id='line_1_2' title="bbox 68 146 1196 190; baseline 0.003 -12"><span class='ocrx_word' id='word_1_5' title='bbox 68 156 208 186; x_wconf 74' lang='lat' dir='ltr'><strong>structa,</strong></span> <span class='ocrx_word' id='word_1_6' title='bbox 233 148 287 179; x_wconf 82' lang='lat' dir='ltr'><strong>vel</strong></span> <span class='ocrx_word' id='word_1_7' title='bbox 311 148 345 179; x_wconf 84' lang='lat' dir='ltr'><strong>in</strong></span> <span class='ocrx_word' id='word_1_8' title='bbox 370 147 452 180; x_wconf 73' lang='lat' dir='ltr'><strong>saxis</strong></span> <span class='ocrx_word' id='word_1_9' title='bbox 477 147 603 186; x_wconf 79' lang='lat' dir='ltr'><strong>excisa,</strong></span> <span class='ocrx_word' id='word_1_10' title='bbox 637 156 692 178; x_wconf 83' lang='lat' dir='ltr'><strong>aut</strong></span> <span class='ocrx_word' id='word_1_11' title='bbox 717 146 749 177; x_wconf 89' lang='lat' dir='ltr'><strong>in</strong></span> <span class='ocrx_word' id='word_1_12' title='bbox 777 156 898 178; x_wconf 79' lang='lat' dir='ltr'><strong>tcrmm</strong></span> <span class='ocrx_word' id='word_1_13' title='bbox 917 147 946 190; x_wconf 88' lang='grc' dir='ltr'><strong>Ι)</strong></span> <span class='ocrx_word' id='word_1_14' title='bbox 971 147 1115 187; x_wconf 76' lang='lat' dir='ltr'><strong>defossa,</strong></span> <span class='ocrx_word' id='word_1_15' title='bbox 1140 150 1196 181; x_wconf 82' lang='lat' dir='ltr'><strong>sed</strong></span> 
     </span>
     <span class='ocr_line' id='line_1_3' title="bbox 68 207 1197 253; baseline 0.002 -14"><span class='ocrx_word' id='word_1_16' title='bbox 68 208 176 240; x_wconf 87' lang='lat' dir='ltr'><strong>omnis</strong></span> <span class='ocrx_word' id='word_1_17' title='bbox 201 209 306 248; x_wconf 83' lang='lat' dir='ltr'><strong>locus,</strong></span> <span class='ocrx_word' id='word_1_18' title='bbox 330 209 362 241; x_wconf 90' lang='lat' dir='ltr'><strong>in</strong></span> <span class='ocrx_word' id='word_1_19' title='bbox 395 219 596 253; x_wconf 85' lang='lat' dir='ltr'><strong>quocunque</strong></span> <span class='ocrx_word' id='word_1_20' title='bbox 627 207 679 238; x_wconf 82' lang='lat' dir='ltr'><strong>vel</strong></span> <span class='ocrx_word' id='word_1_21' title='bbox 714 207 878 247; x_wconf 72' lang='lat' dir='ltr'><strong>inu-grum</strong></span> <span class='ocrx_word' id='word_1_22' title='bbox 912 207 1092 241; x_wconf 76' lang='lat' dir='ltr'><strong>humanum</strong></span> <span class='ocrx_word' id='word_1_23' title='bbox 1123 222 1197 241; x_wconf 89' lang='lat' dir='ltr'><strong>cor-</strong></span> 
     </span>
     <span class='ocr_line' id='line_1_4' title="bbox 66 268 1194 314; baseline 0 -12"><span class='ocrx_word' id='word_1_24' title='bbox 66 283 140 313; x_wconf 85' lang='lat' dir='ltr'><strong>pus,</strong></span> <span class='ocrx_word' id='word_1_25' title='bbox 166 270 218 302; x_wconf 81' lang='lat' dir='ltr'><strong>vel</strong></span> <span class='ocrx_word' id='word_1_26' title='bbox 244 283 280 303; x_wconf 83' lang='lat' dir='ltr'><strong>ex</strong></span> <span class='ocrx_word' id='word_1_27' title='bbox 305 279 399 314; x_wconf 77' lang='lat' dir='ltr'><strong>parte</strong></span> <span class='ocrx_word' id='word_1_28' title='bbox 423 270 534 314; x_wconf 74' lang='lat' dir='ltr'><strong>aliqua</strong></span> <span class='ocrx_word' id='word_1_29' title='bbox 560 269 663 313; x_wconf 75' lang='lat' dir='ltr'><strong>jacet;</strong></span> <span class='ocrx_word' id='word_1_30' title='bbox 689 268 788 301; x_wconf 78' lang='lat' dir='ltr'><strong>etiam</strong></span> <span class='ocrx_word' id='word_1_31' title='bbox 814 269 841 300; x_wconf 87' lang='lat' dir='ltr'><strong>si</strong></span> <span class='ocrx_word' id='word_1_32' title='bbox 867 268 1005 308; x_wconf 75' lang='lat' dir='ltr'><strong>accidat,</strong></span> <span class='ocrx_word' id='word_1_33' title='bbox 1031 279 1066 302; x_wconf 86' lang='lat' dir='ltr'><strong>ut</strong></span> <span class='ocrx_word' id='word_1_34' title='bbox 1091 283 1194 302; x_wconf 88' lang='lat' dir='ltr'><strong>unum</strong></span> 
     </span>
     <span class='ocr_line' id='line_1_5' title="bbox 66 329 1195 376; baseline 0.002 -14"><span class='ocrx_word' id='word_1_35' title='bbox 66 344 188 376; x_wconf 79' lang='lat' dir='ltr'><strong>corpus</strong></span> <span class='ocrx_word' id='word_1_36' title='bbox 212 345 273 376; x_wconf 84' lang='lat' dir='ltr'><strong>per</strong></span> <span class='ocrx_word' id='word_1_37' title='bbox 296 333 370 364; x_wconf 81' lang='lat' dir='ltr'><strong>loca</strong></span> <span class='ocrx_word' id='word_1_38' title='bbox 395 332 499 364; x_wconf 79' lang='lat' dir='ltr'><strong>multa</strong></span> <span class='ocrx_word' id='word_1_39' title='bbox 527 330 713 375; x_wconf 86' lang='lat' dir='ltr'><strong>dispersum</strong></span> <span class='ocrx_word' id='word_1_40' title='bbox 739 329 799 369; x_wconf 83' lang='lat' dir='ltr'><strong>sit,</strong></span> <span class='ocrx_word' id='word_1_41' title='bbox 825 331 1004 362; x_wconf 84' lang='lat' dir='ltr'><strong>absurdum</strong></span> <span class='ocrx_word' id='word_1_42' title='bbox 1031 344 1098 364; x_wconf 92' lang='lat' dir='ltr'><strong>non</strong></span> <span class='ocrx_word' id='word_1_43' title='bbox 1123 332 1195 372; x_wconf 79' lang='lat' dir='ltr'><strong>erit,</strong></span> 
     </span>
     <span class='ocr_line' id='line_1_6' title="bbox 66 391 1195 436; baseline 0.002 -13"><span class='ocrx_word' id='word_1_44' title='bbox 66 393 178 425; x_wconf 77' lang='lat' dir='ltr'><strong>omnia</strong></span> <span class='ocrx_word' id='word_1_45' title='bbox 203 405 240 425; x_wconf 79' lang='lat' dir='ltr'><strong>ea</strong></span> <span class='ocrx_word' id='word_1_46' title='bbox 265 393 357 432; x_wconf 78' lang='lat' dir='ltr'><strong>loca,</strong></span> <span class='ocrx_word' id='word_1_47' title='bbox 390 393 424 425; x_wconf 89' lang='lat' dir='ltr'><strong>in</strong></span> <span class='ocrx_word' id='word_1_48' title='bbox 458 392 578 436; x_wconf 85' lang='lat' dir='ltr'><strong>quibus</strong></span> <span class='ocrx_word' id='word_1_49' title='bbox 610 405 683 436; x_wconf 78' lang='lat' dir='ltr'><strong>pars</strong></span> <span class='ocrx_word' id='word_1_50' title='bbox 716 391 824 436; x_wconf 75' lang='lat' dir='ltr'><strong>aliqua</strong></span> <span class='ocrx_word' id='word_1_51' title='bbox 851 392 1002 436; x_wconf 86' lang='lat' dir='ltr'><strong>corporis</strong></span> <span class='ocrx_word' id='word_1_52' title='bbox 1029 391 1123 436; x_wconf 75' lang='lat' dir='ltr'><strong>jacet,</strong></span> <span class='ocrx_word' id='word_1_53' title='bbox 1145 407 1195 426; x_wconf 85' lang='lat' dir='ltr'><strong>se-</strong></span> 
     </span>
     <span class='ocr_line' id='line_1_7' title="bbox 66 453 1194 499; baseline 0.001 -13"><span class='ocrx_word' id='word_1_54' title='bbox 66 454 180 497; x_wconf 80' lang='lat' dir='ltr'><strong>pulcra</strong></span> <span class='ocrx_word' id='word_1_55' title='bbox 219 455 371 499; x_wconf 87' lang='lat' dir='ltr'><strong>corporis</strong></span> <span class='ocrx_word' id='word_1_56' title='bbox 404 455 474 499; x_wconf 72' lang='lat' dir='ltr'><strong>ejus</strong></span> <span class='ocrx_word' id='word_1_57' title='bbox 506 454 582 487; x_wconf 77' lang='lat' dir='ltr'><strong>dici.</strong></span> <span class='ocrx_word' id='word_1_58' title='bbox 630 454 668 487; x_wconf 86' lang='lat' dir='ltr'><strong>Si</strong></span> <span class='ocrx_word' id='word_1_59' title='bbox 700 454 788 486; x_wconf 89' lang='lat' dir='ltr'><strong>enim</strong></span> <span class='ocrx_word' id='word_1_60' title='bbox 821 453 956 486; x_wconf 75' lang='lat' dir='ltr'><strong>nonita</strong></span> <span class='ocrx_word' id='word_1_61' title='bbox 993 454 1194 498; x_wconf 73' lang='lat' dir='ltr'>accipiamus</span> 
     </span>
     <span class='ocr_line' id='line_1_8' title="bbox 64 514 1195 561; baseline 0.002 -14"><span class='ocrx_word' id='word_1_62' title='bbox 64 528 232 557; x_wconf 78' lang='lat' dir='ltr'><strong>resurgere</strong></span> <span class='ocrx_word' id='word_1_63' title='bbox 257 516 298 548; x_wconf 87' lang='lat' dir='ltr'><strong>de</strong></span> <span class='ocrx_word' id='word_1_64' title='bbox 323 516 483 561; x_wconf 78' lang='lat' dir='ltr'><strong>sepulcris</strong></span> <span class='ocrx_word' id='word_1_65' title='bbox 507 516 574 548; x_wconf 88' lang='lat' dir='ltr'><strong>suis</strong></span> <span class='ocrx_word' id='word_1_66' title='bbox 599 525 749 547; x_wconf 81' lang='lat' dir='ltr'><strong>mortuos</strong></span> <span class='ocrx_word' id='word_1_67' title='bbox 768 514 879 547; x_wconf 82' lang='lat' dir='ltr'><strong>divina</strong></span> <span class='ocrx_word' id='word_1_68' title='bbox 899 514 1031 555; x_wconf 81' lang='lat' dir='ltr'><strong>virtute,</strong></span> <span class='ocrx_word' id='word_1_69' title='bbox 1056 516 1113 560; x_wconf 90' lang='lat' dir='ltr'><strong>qui</strong></span> <span class='ocrx_word' id='word_1_70' title='bbox 1137 529 1195 549; x_wconf 87' lang='lat' dir='ltr'><strong>ne-</strong></span> 
     </span>
     <span class='ocr_line' id='line_1_9' title="bbox 63 577 1193 622; baseline 0.001 -14"><span class='ocrx_word' id='word_1_71' title='bbox 63 589 229 621; x_wconf 74' lang='lat' dir='ltr'><strong>quaquam</strong></span> <span class='ocrx_word' id='word_1_72' title='bbox 260 587 337 609; x_wconf 86' lang='lat' dir='ltr'><strong>sunt</strong></span> <span class='ocrx_word' id='word_1_73' title='bbox 367 579 558 621; x_wconf 80' lang='lat' dir='ltr'><strong>sepulturae</strong></span> <span class='ocrx_word' id='word_1_74' title='bbox 589 577 755 617; x_wconf 75' lang='lat' dir='ltr'><strong>mandati,</strong></span> <span class='ocrx_word' id='word_1_75' title='bbox 785 577 942 621; x_wconf 78' lang='lat' dir='ltr'><strong>neque&#39;2)</strong></span> <span class='ocrx_word' id='word_1_76' title='bbox 973 577 1007 609; x_wconf 88' lang='lat' dir='ltr'><strong>in</strong></span> <span class='ocrx_word' id='word_1_77' title='bbox 1031 578 1193 622; x_wconf 80' lang='lat' dir='ltr'>sepulcris</span> 
     </span>
     <span class='ocr_line' id='line_1_10' title="bbox 63 637 1193 683; baseline 0.003 -14"><span class='ocrx_word' id='word_1_78' title='bbox 63 638 221 682; x_wconf 78' lang='lat' dir='ltr'><strong>depositi,</strong></span> <span class='ocrx_word' id='word_1_79' title='bbox 244 639 302 671; x_wconf 88' lang='lat' dir='ltr'><strong>sed</strong></span> <span class='ocrx_word' id='word_1_80' title='bbox 327 638 395 683; x_wconf 45' lang='lat' dir='ltr'><strong>sire</strong></span> <span class='ocrx_word' id='word_1_81' title='bbox 420 638 610 680; x_wconf 77' lang='lat' dir='ltr'><strong>naufragiis,</strong></span> <span class='ocrx_word' id='word_1_82' title='bbox 635 637 704 670; x_wconf 82' lang='lat' dir='ltr'><strong>sive</strong></span> <span class='ocrx_word' id='word_1_83' title='bbox 730 637 762 670; x_wconf 91' lang='lat' dir='ltr'><strong>in</strong></span> <span class='ocrx_word' id='word_1_84' title='bbox 788 637 926 669; x_wconf 72' lang='lat' dir='ltr'><strong>desertis</strong></span> <span class='ocrx_word' id='word_1_85' title='bbox 945 637 1112 683; x_wconf 81' lang='lat' dir='ltr'><strong>aliquibus</strong></span> <span class='ocrx_word' id='word_1_86' title='bbox 1136 641 1193 672; x_wconf 88' lang='lat' dir='ltr'><strong>de—</strong></span> 
     </span>
     <span class='ocr_line' id='line_1_11' title="bbox 62 698 1191 744; baseline 0.002 -13"><span class='ocrx_word' id='word_1_87' title='bbox 62 700 167 732; x_wconf 80' lang='lat' dir='ltr'><strong>functi</strong></span> <span class='ocrx_word' id='word_1_88' title='bbox 190 709 267 733; x_wconf 87' lang='lat' dir='ltr'><strong>sunt</strong></span> <span class='ocrx_word' id='word_1_89' title='bbox 290 700 389 740; x_wconf 85' lang='lat' dir='ltr'><strong>locis,</strong></span> <span class='ocrx_word' id='word_1_90' title='bbox 426 702 471 733; x_wconf 84' lang='lat' dir='ltr'><strong>ita</strong></span> <span class='ocrx_word' id='word_1_91' title='bbox 502 710 538 732; x_wconf 85' lang='lat' dir='ltr'><strong>ut</strong></span> <span class='ocrx_word' id='word_1_92' title='bbox 569 698 761 743; x_wconf 78' lang='lat' dir='ltr'><strong>sepulturae</strong></span> <span class='ocrx_word' id='word_1_93' title='bbox 793 698 942 731; x_wconf 85' lang='lat' dir='ltr'><strong>mandari</strong></span> <span class='ocrx_word' id='word_1_94' title='bbox 974 710 1040 732; x_wconf 88' lang='lat' dir='ltr'><strong>non</strong></span> <span class='ocrx_word' id='word_1_95' title='bbox 1073 710 1191 744; x_wconf 85' lang='lat' dir='ltr'><strong>potue—</strong></span> 
     </span>
     <span class='ocr_line' id='line_1_12' title="bbox 60 754 1188 805; baseline 0.002 -12"><span class='ocrx_word' id='word_1_96' title='bbox 60 761 137 800; x_wconf 87' lang='lat' dir='ltr'><strong>rint,</strong></span> <span class='ocrx_word' id='word_1_97' title='bbox 160 774 227 793; x_wconf 90' lang='lat' dir='ltr'><strong>non</strong></span> <span class='ocrx_word' id='word_1_98' title='bbox 240 760 273 805; x_wconf 76' lang='lat'><strong>³)</strong></span> <span class='ocrx_word' id='word_1_99' title='bbox 298 754 499 794; x_wconf 68' lang='lat' dir='ltr'><strong>videbuntur</strong></span> <span class='ocrx_word' id='word_1_100' title='bbox 523 759 732 792; x_wconf 73' lang='lat' dir='ltr'><strong>annumerari</strong></span> <span class='ocrx_word' id='word_1_101' title='bbox 766 759 851 792; x_wconf 71' lang='lat' dir='ltr'><strong>inter</strong></span> <span class='ocrx_word' id='word_1_102' title='bbox 881 772 958 801; x_wconf 80' lang='lat' dir='ltr'><strong>eos,</strong></span> <span class='ocrx_word' id='word_1_103' title='bbox 989 760 1047 805; x_wconf 82' lang='lat' dir='ltr'><strong>qui</strong></span> <span class='ocrx_word' id='word_1_104' title='bbox 1071 761 1113 794; x_wconf 82' lang='lat' dir='ltr'><strong>de</strong></span> <span class='ocrx_word' id='word_1_105' title='bbox 1136 775 1188 795; x_wconf 85' lang='lat' dir='ltr'><strong>se-</strong></span> 
     </span>
     <span class='ocr_line' id='line_1_13' title="bbox 60 819 1188 866; baseline 0.002 -12"><span class='ocrx_word' id='word_1_106' title='bbox 60 821 184 866; x_wconf 84' lang='lat' dir='ltr'><strong>pulcris</strong></span> <span class='ocrx_word' id='word_1_107' title='bbox 208 822 425 855; x_wconf 79' lang='lat' dir='ltr'><strong>resuscitandi</strong></span> <span class='ocrx_word' id='word_1_108' title='bbox 451 821 616 854; x_wconf 88' lang='lat' dir='ltr'><strong>dicuntur.</strong></span> <span class='ocrx_word' id='word_1_109' title='bbox 666 820 770 863; x_wconf 86' lang='lat' dir='ltr'><strong>Quod</strong></span> <span class='ocrx_word' id='word_1_110' title='bbox 802 819 919 865; x_wconf 85' lang='lat' dir='ltr'><strong>utique</strong></span> <span class='ocrx_word' id='word_1_111' title='bbox 953 821 1049 855; x_wconf 79' lang='lat' dir='ltr'><strong>valde</strong></span> <span class='ocrx_word' id='word_1_112' title='bbox 1075 824 1188 856; x_wconf 78' lang='lat' dir='ltr'><strong>absur-</strong></span> 
     </span>
     <span class='ocr_line' id='line_1_14' title="bbox 60 884 244 917; baseline 0.005 -1"><span class='ocrx_word' id='word_1_113' title='bbox 60 884 140 916; x_wconf 88' lang='lat' dir='ltr'><strong>dum</strong></span> <span class='ocrx_word' id='word_1_114' title='bbox 165 893 244 917; x_wconf 57' lang='lat' dir='ltr'><strong>esta(</strong></span> 
     </span>
    </p>

    <p class='ocr_par' dir='ltr' id='par_1_3' title="bbox 58 944 1186 1052">
     <span class='ocr_line' id='line_1_15' title="bbox 148 944 1186 989; baseline 0 -11"><span class='ocrx_word' id='word_1_115' title='bbox 148 944 422 978; x_wconf 77' lang='lat' dir='ltr'>PAMPHILUS.</span> <span class='ocrx_word' id='word_1_116' title='bbox 471 944 697 977; x_wconf 68' lang='lat' dir='ltr'><strong>Nihilominus</strong></span> <span class='ocrx_word' id='word_1_117' title='bbox 722 944 754 975; x_wconf 92' lang='lat' dir='ltr'><strong>in</strong></span> <span class='ocrx_word' id='word_1_118' title='bbox 782 958 821 975; x_wconf 84' lang='lat' dir='ltr'><strong>co</strong></span> <span class='ocrx_word' id='word_1_119' title='bbox 847 944 922 989; x_wconf 84' lang='lat' dir='ltr'><strong>ipso</strong></span> <span class='ocrx_word' id='word_1_120' title='bbox 947 944 1054 983; x_wconf 76' lang='lat' dir='ltr'><strong>libro,</strong></span> <span class='ocrx_word' id='word_1_121' title='bbox 1086 946 1186 978; x_wconf 87' lang='lat' dir='ltr'><strong>iuter-</strong></span> 
     </span>
     <span class='ocr_line' id='line_1_16' title="bbox 58 1005 503 1052; baseline -0.004 -13"><span class='ocrx_word' id='word_1_122' title='bbox 58 1006 152 1051; x_wconf 80' lang='lat' dir='ltr'><strong>jcctis</strong></span> <span class='ocrx_word' id='word_1_123' title='bbox 177 1006 386 1052; x_wconf 78' lang='lat' dir='ltr'><strong>quibusdam,</strong></span> <span class='ocrx_word' id='word_1_124' title='bbox 412 1005 503 1038; x_wconf 89' lang='lat' dir='ltr'><strong>dicit.</strong></span> 
     </span>
    </p>

    <p class='ocr_par' dir='ltr' id='par_1_4' title="bbox 54 1066 1185 1603">
     <span class='ocr_line' id='line_1_17' title="bbox 147 1066 1185 1112; baseline -0.002 -10"><span class='ocrx_word' id='word_1_125' title='bbox 147 1067 391 1102; x_wconf 57' lang='lat' dir='ltr'>ORIGENES.</span> <span class='ocrx_word' id='word_1_126' title='bbox 441 1066 546 1100; x_wconf 83' lang='lat' dir='ltr'><strong>»Cum</strong></span> <span class='ocrx_word' id='word_1_127' title='bbox 567 1079 645 1108; x_wconf 83' lang='lat' dir='ltr'><strong>ergo</strong></span> <span class='ocrx_word' id='word_1_128' title='bbox 663 1067 785 1099; x_wconf 71' lang='lat' dir='ltr'><strong>Paulus</strong></span> <span class='ocrx_word' id='word_1_129' title='bbox 799 1066 923 1106; x_wconf 84' lang='lat' dir='ltr'><strong>scribit,</strong></span> <span class='ocrx_word' id='word_1_130' title='bbox 948 1067 1041 1110; x_wconf 88' lang='lat' dir='ltr'><strong>quod</strong></span> <span class='ocrx_word' id='word_1_131' title='bbox 1055 1068 1185 1112; x_wconf 55' lang='lat' dir='ltr'><strong>sicuffl)</strong></span> 
     </span>
     <span class='ocr_line' id='line_1_18' title="bbox 58 1127 1183 1170; baseline 0 -8"><span class='ocrx_word' id='word_1_132' title='bbox 58 1130 154 1162; x_wconf 77' lang='lat' dir='ltr'><strong>stella</strong></span> <span class='ocrx_word' id='word_1_133' title='bbox 184 1143 201 1162; x_wconf 82' lang='lat' dir='ltr'>a</span> <span class='ocrx_word' id='word_1_134' title='bbox 234 1130 330 1162; x_wconf 80' lang='lat' dir='ltr'><strong>stella</strong></span> <span class='ocrx_word' id='word_1_135' title='bbox 362 1129 476 1160; x_wconf 76' lang='lat' dir='ltr'><strong>dissert</strong></span> <span class='ocrx_word' id='word_1_136' title='bbox 506 1128 539 1160; x_wconf 86' lang='lat' dir='ltr'><strong>in</strong></span> <span class='ocrx_word' id='word_1_137' title='bbox 569 1128 693 1170; x_wconf 79' lang='lat' dir='ltr'><strong>gloria,</strong></span> <span class='ocrx_word' id='word_1_138' title='bbox 732 1127 776 1159; x_wconf 78' lang='lat' dir='ltr'><strong>ita</strong></span> <span class='ocrx_word' id='word_1_139' title='bbox 819 1127 882 1159; x_wconf 83' lang='lat' dir='ltr'><strong>erit</strong></span> <span class='ocrx_word' id='word_1_140' title='bbox 921 1137 955 1160; x_wconf 67' lang='lat' dir='ltr'><strong>et</strong></span> <span class='ocrx_word' id='word_1_141' title='bbox 985 1129 1183 1162; x_wconf 87' lang='lat' dir='ltr'><strong>resurrectio</strong></span> 
     </span>
     <span class='ocr_line' id='line_1_19' title="bbox 58 1189 1183 1234; baseline 0 -11"><span class='ocrx_word' id='word_1_142' title='bbox 58 1201 290 1223; x_wconf 79' lang='lat' dir='ltr'><strong>mortuorum:</strong></span> <span class='ocrx_word' id='word_1_143' title='bbox 323 1200 356 1222; x_wconf 86' lang='lat' dir='ltr'><strong>et</strong></span> <span class='ocrx_word' id='word_1_144' title='bbox 380 1191 471 1234; x_wconf 85' lang='lat' dir='ltr'><strong>quod</strong></span> <span class='ocrx_word' id='word_1_145' title='bbox 496 1189 596 1223; x_wconf 72' lang='lat' dir='ltr'><strong>dicitt</strong></span> <span class='ocrx_word' id='word_1_146' title='bbox 628 1189 856 1232; x_wconf 76' lang='lat' dir='ltr'><strong>seminatur5)</strong></span> <span class='ocrx_word' id='word_1_147' title='bbox 888 1189 921 1221; x_wconf 89' lang='lat' dir='ltr'><strong>in</strong></span> <span class='ocrx_word' id='word_1_148' title='bbox 956 1190 1183 1234; x_wconf 78' lang='lat' dir='ltr'><strong>corruptione,</strong></span> 
     </span>
     <span class='ocr_line' id='line_1_20' title="bbox 55 1250 1182 1296; baseline -0.002 -11"><span class='ocrx_word' id='word_1_149' title='bbox 55 1253 158 1294; x_wconf 83' lang='lat' dir='ltr'><strong>surgit</strong></span> <span class='ocrx_word' id='word_1_150' title='bbox 189 1253 222 1285; x_wconf 86' lang='lat' dir='ltr'><strong>in</strong></span> <span class='ocrx_word' id='word_1_151' title='bbox 255 1252 526 1296; x_wconf 83' lang='lat' dir='ltr'><strong>incorruptione,</strong></span> <span class='ocrx_word' id='word_1_152' title='bbox 565 1261 597 1283; x_wconf 86' lang='lat' dir='ltr'><strong>et</strong></span> <span class='ocrx_word' id='word_1_153' title='bbox 630 1260 737 1283; x_wconf 79' lang='lat' dir='ltr'><strong>cetera</strong></span> <span class='ocrx_word' id='word_1_154' title='bbox 769 1250 977 1295; x_wconf 83' lang='lat' dir='ltr'><strong>hujusmodi:</strong></span> <span class='ocrx_word' id='word_1_155' title='bbox 1009 1251 1182 1285; x_wconf 79' lang='lat' dir='ltr'><strong>manifeste</strong></span> 
     </span>
     <span class='ocr_line' id='line_1_21' title="bbox 56 1311 1182 1358; baseline 0 -12"><span class='ocrx_word' id='word_1_156' title='bbox 56 1315 134 1346; x_wconf 67' lang='lat' dir='ltr'><strong>haec</strong></span> <span class='ocrx_word' id='word_1_157' title='bbox 158 1315 199 1346; x_wconf 81' lang='lat' dir='ltr'><strong>de</strong></span> <span class='ocrx_word' id='word_1_158' title='bbox 229 1314 303 1346; x_wconf 88' lang='lat' dir='ltr'><strong>solo</strong></span> <span class='ocrx_word' id='word_1_159' title='bbox 329 1326 471 1358; x_wconf 85' lang='lat' dir='ltr'><strong>corpore</strong></span> <span class='ocrx_word' id='word_1_160' title='bbox 496 1312 620 1346; x_wconf 79' lang='lat' dir='ltr'><strong>scribit.</strong></span> <span class='ocrx_word' id='word_1_161' title='bbox 669 1314 743 1344; x_wconf 68' lang='lat' dir='ltr'><strong>Non</strong></span> <span class='ocrx_word' id='word_1_162' title='bbox 777 1311 865 1344; x_wconf 73' lang='lat' dir='ltr'><strong>enim</strong></span> <span class='ocrx_word' id='word_1_163' title='bbox 891 1312 998 1344; x_wconf 81' lang='lat' dir='ltr'><strong>anima</strong></span> <span class='ocrx_word' id='word_1_164' title='bbox 1022 1313 1182 1346; x_wconf 79' lang='lat' dir='ltr'><strong>seminata</strong></span> 
     </span>
     <span class='ocr_line' id='line_1_22' title="bbox 55 1373 1180 1419; baseline 0 -12"><span class='ocrx_word' id='word_1_165' title='bbox 55 1384 103 1407; x_wconf 82' lang='lat' dir='ltr'><strong>est</strong></span> <span class='ocrx_word' id='word_1_166' title='bbox 128 1375 162 1407; x_wconf 90' lang='lat' dir='ltr'><strong>in</strong></span> <span class='ocrx_word' id='word_1_167' title='bbox 187 1374 423 1419; x_wconf 78' lang='lat' dir='ltr'><strong>corruptione,</strong></span> <span class='ocrx_word' id='word_1_168' title='bbox 462 1384 519 1407; x_wconf 78' lang='lat' dir='ltr'><strong>aut</strong></span> <span class='ocrx_word' id='word_1_169' title='bbox 543 1374 576 1407; x_wconf 88' lang='lat' dir='ltr'><strong>in</strong></span> <span class='ocrx_word' id='word_1_170' title='bbox 601 1373 812 1412; x_wconf 72' lang='lat' dir='ltr'><strong>infirmitate,</strong></span> <span class='ocrx_word' id='word_1_171' title='bbox 852 1382 907 1405; x_wconf 80' lang='lat' dir='ltr'><strong>aut</strong></span> <span class='ocrx_word' id='word_1_172' title='bbox 932 1373 965 1405; x_wconf 86' lang='lat' dir='ltr'><strong>in</strong></span> <span class='ocrx_word' id='word_1_173' title='bbox 990 1373 1180 1415; x_wconf 76' lang='lat' dir='ltr'><strong>ignominia.</strong></span> 
     </span>
     <span class='ocr_line' id='line_1_23' title="bbox 54 1434 1180 1481; baseline 0.001 -13"><span class='ocrx_word' id='word_1_174' title='bbox 54 1435 210 1480; x_wconf 83' lang='lat' dir='ltr'><strong>Denique</strong></span> <span class='ocrx_word' id='word_1_175' title='bbox 234 1436 405 1468; x_wconf 84' lang='lat' dir='ltr'><strong>evidenter</strong></span> <span class='ocrx_word' id='word_1_176' title='bbox 428 1435 576 1481; x_wconf 71' lang='lat' dir='ltr'><strong>adjungit</strong></span> <span class='ocrx_word' id='word_1_177' title='bbox 599 1435 649 1468; x_wconf 84' lang='lat' dir='ltr'><strong>his</strong></span> <span class='ocrx_word' id='word_1_178' title='bbox 673 1435 839 1474; x_wconf 84' lang='lat' dir='ltr'><strong>omuibus,</strong></span> <span class='ocrx_word' id='word_1_179' title='bbox 866 1444 898 1467; x_wconf 83' lang='lat' dir='ltr'><strong>et</strong></span> <span class='ocrx_word' id='word_1_180' title='bbox 915 1434 1014 1468; x_wconf 87' lang='lat' dir='ltr'><strong>dicit:</strong></span> <span class='ocrx_word' id='word_1_181' title='bbox 1039 1436 1180 1469; x_wconf 78' lang='lat' dir='ltr'><strong>semina-</strong></span> 
     </span>
     <span class='ocr_line' id='line_1_24' title="bbox 55 1496 1177 1541; baseline 0.001 -12"><span class='ocrx_word' id='word_1_182' title='bbox 55 1497 153 1540; x_wconf 79' lang='lat' dir='ltr'><strong>tur⁰)</strong></span> <span class='ocrx_word' id='word_1_183' title='bbox 177 1510 298 1541; x_wconf 86' lang='lat' dir='ltr'><strong>corpus</strong></span> <span class='ocrx_word' id='word_1_184' title='bbox 323 1497 483 1539; x_wconf 74' lang='lat' dir='ltr'><strong>animale3</strong></span> <span class='ocrx_word' id='word_1_185' title='bbox 513 1506 549 1529; x_wconf 88' lang='lat' dir='ltr'><strong>ut</strong></span> <span class='ocrx_word' id='word_1_186' title='bbox 581 1509 621 1529; x_wconf 85' lang='lat' dir='ltr'><strong>ne</strong></span> <span class='ocrx_word' id='word_1_187' title='bbox 657 1496 728 1540; x_wconf 84' lang='lat' dir='ltr'><strong>quis</strong></span> <span class='ocrx_word' id='word_1_188' title='bbox 762 1505 894 1540; x_wconf 75' lang='lat' dir='ltr'><strong>putaret</strong></span> <span class='ocrx_word' id='word_1_189' title='bbox 927 1496 1071 1529; x_wconf 77' lang='lat' dir='ltr'><strong>animam</strong></span> <span class='ocrx_word' id='word_1_190' title='bbox 1098 1510 1177 1538; x_wconf 84' lang='lat' dir='ltr'><strong>esse,</strong></span> 
     </span>
     <span class='ocr_line' id='line_1_25' title="bbox 54 1557 1176 1603; baseline 0.001 -12"><span class='ocrx_word' id='word_1_191' title='bbox 54 1571 137 1603; x_wconf 83' lang='lat' dir='ltr'><strong>quae</strong></span> <span class='ocrx_word' id='word_1_192' title='bbox 160 1558 342 1591; x_wconf 74' lang='lat' dir='ltr'><strong>seminatur</strong></span> <span class='ocrx_word' id='word_1_193' title='bbox 365 1559 397 1590; x_wconf 88' lang='lat' dir='ltr'><strong>in</strong></span> <span class='ocrx_word' id='word_1_194' title='bbox 424 1558 659 1602; x_wconf 79' lang='lat' dir='ltr'><strong>corruptione,</strong></span> <span class='ocrx_word' id='word_1_195' title='bbox 691 1558 741 1589; x_wconf 68' lang='lat' dir='ltr'><strong>vel</strong></span> <span class='ocrx_word' id='word_1_196' title='bbox 775 1557 807 1589; x_wconf 85' lang='lat' dir='ltr'><strong>in</strong></span> <span class='ocrx_word' id='word_1_197' title='bbox 832 1558 1035 1599; x_wconf 75' lang='lat' dir='ltr'><strong>ignominia,</strong></span> <span class='ocrx_word' id='word_1_198' title='bbox 1067 1560 1117 1591; x_wconf 82' lang='lat' dir='ltr'><strong>vel</strong></span> <span class='ocrx_word' id='word_1_199' title='bbox 1144 1560 1176 1592; x_wconf 90' lang='lat' dir='ltr'><strong>in</strong></span> 
     </span>
    </p>
   </div>
   <div class='ocr_carea' id='block_1_3' title="bbox 52 1619 274 1654">
    <p class='ocr_par' dir='ltr' id='par_1_5' title="bbox 52 1619 274 1654">
     <span class='ocr_line' id='line_1_26' title="bbox 52 1619 274 1654; baseline 0 -2"><span class='ocrx_word' id='word_1_200' title='bbox 52 1619 274 1654; x_wconf 54' lang='lat' dir='ltr'><strong>infirmitate«</strong></span> 
     </span>
    </p>
   </div>
   <div class='ocr_carea' id='block_1_4' title="bbox 148 1747 524 1791">
    <p class='ocr_par' dir='ltr' id='par_1_6' title="bbox 148 1747 524 1791">
     <span class='ocr_line' id='line_1_27' title="bbox 148 1747 524 1791; baseline -0.003 -11"><span class='ocrx_word' id='word_1_201' title='bbox 148 1747 178 1791; x_wconf 89' lang='lat'><strong>¹)</strong></span> <span class='ocrx_word' id='word_1_202' title='bbox 203 1747 288 1780; x_wconf 83' lang='lat' dir='ltr'><strong>Edd.</strong></span> <span class='ocrx_word' id='word_1_203' title='bbox 314 1748 360 1780; x_wconf 80' lang='grc' dir='ltr'><strong>Μ.</strong></span> <span class='ocrx_word' id='word_1_204' title='bbox 390 1757 524 1780; x_wconf 61' lang='lat' dir='ltr'><strong>„terram</strong></span> 
     </span>
    </p>
   </div>
   <div class='ocr_carea' id='block_1_5' title="bbox 50 1803 1176 2073">
    <p class='ocr_par' dir='ltr' id='par_1_7' title="bbox 50 1803 1174 1983">
     <span class='ocr_line' id='line_1_28' title="bbox 144 1803 1174 1848; baseline 0.001 -12.003"><span class='ocrx_word' id='word_1_205' title='bbox 144 1804 177 1847; x_wconf 58' lang='grc' dir='ltr'><strong>Ἰ)</strong></span> <span class='ocrx_word' id='word_1_206' title='bbox 203 1803 288 1836; x_wconf 89' lang='lat' dir='ltr'><strong>Cod.</strong></span> <span class='ocrx_word' id='word_1_207' title='bbox 313 1803 521 1836; x_wconf 78' lang='lat' dir='ltr'><strong>sorbonicus</strong></span> <span class='ocrx_word' id='word_1_208' title='bbox 546 1803 687 1835; x_wconf 76' lang='lat' dir='ltr'><strong>omittit:</strong></span> <span class='ocrx_word' id='word_1_209' title='bbox 724 1816 849 1847; x_wconf 78' lang='lat' dir='ltr'><strong>»neque</strong></span> <span class='ocrx_word' id='word_1_210' title='bbox 874 1803 906 1835; x_wconf 89' lang='lat' dir='ltr'><strong>in</strong></span> <span class='ocrx_word' id='word_1_211' title='bbox 929 1804 1093 1848; x_wconf 80' lang='lat' dir='ltr'><strong>sepulcris</strong></span> <span class='ocrx_word' id='word_1_212' title='bbox 1118 1806 1174 1837; x_wconf 80' lang='lat' dir='ltr'><strong>de-</strong></span> 
     </span>
     <span class='ocr_line' id='line_1_29' title="bbox 50 1847 1176 1893; baseline 0.002 -13"><span class='ocrx_word' id='word_1_213' title='bbox 50 1847 164 1893; x_wconf 84' lang='lat' dir='ltr'><strong>positi.</strong></span> <span class='ocrx_word' id='word_1_214' title='bbox 169 1863 186 1878; x_wconf 88' lang='lat'>«</span> <span class='ocrx_word' id='word_1_215' title='bbox 235 1847 318 1882; x_wconf 84' lang='lat' dir='ltr'><strong>Cod.</strong></span> <span class='ocrx_word' id='word_1_216' title='bbox 343 1847 567 1893; x_wconf 76' lang='lat' dir='ltr'><strong>Corbejcnsis,</strong></span> <span class='ocrx_word' id='word_1_217' title='bbox 592 1848 693 1880; x_wconf 85' lang='lat' dir='ltr'><strong>hodie</strong></span> <span class='ocrx_word' id='word_1_218' title='bbox 715 1848 748 1881; x_wconf 88' lang='lat' dir='ltr'><strong>S.</strong></span> <span class='ocrx_word' id='word_1_219' title='bbox 769 1848 927 1880; x_wconf 80' lang='lat' dir='ltr'><strong>Germani</strong></span> <span class='ocrx_word' id='word_1_220' title='bbox 952 1861 970 1881; x_wconf 74' lang='lat' dir='ltr'><strong>a</strong></span> <span class='ocrx_word' id='word_1_221' title='bbox 993 1849 1096 1893; x_wconf 76' lang='lat' dir='ltr'><strong>pratis</strong></span> <span class='ocrx_word' id='word_1_222' title='bbox 1121 1851 1176 1882; x_wconf 79' lang='lat' dir='ltr'><strong>ba-</strong></span> 
     </span>
     <span class='ocr_line' id='line_1_30' title="bbox 51 1893 1172 1945; baseline 0.002 -20"><span class='ocrx_word' id='word_1_223' title='bbox 51 1896 123 1926; x_wconf 84' lang='lat' dir='ltr'><strong>bet:</strong></span> <span class='ocrx_word' id='word_1_224' title='bbox 150 1893 227 1937; x_wconf 83' lang='lat' dir='ltr'><strong>»qui</strong></span> <span class='ocrx_word' id='word_1_225' title='bbox 251 1906 458 1945; x_wconf 77' lang='lat' dir='ltr'><strong>nequaquam</strong></span> <span class='ocrx_word' id='word_1_226' title='bbox 483 1903 560 1926; x_wconf 86' lang='lat' dir='ltr'><strong>sunt</strong></span> <span class='ocrx_word' id='word_1_227' title='bbox 584 1893 773 1938; x_wconf 72' lang='lat' dir='ltr'><strong>sepulturae</strong></span> <span class='ocrx_word' id='word_1_228' title='bbox 798 1893 953 1932; x_wconf 70' lang='lat' dir='ltr'><strong>mandati,</strong></span> <span class='ocrx_word' id='word_1_229' title='bbox 978 1907 1038 1926; x_wconf 87' lang='lat' dir='ltr'><strong>nec</strong></span> <span class='ocrx_word' id='word_1_230' title='bbox 1065 1895 1097 1926; x_wconf 88' lang='lat' dir='ltr'><strong>in</strong></span> <span class='ocrx_word' id='word_1_231' title='bbox 1123 1908 1172 1927; x_wconf 88' lang='lat' dir='ltr'><strong>se—</strong></span> 
     </span>
     <span class='ocr_line' id='line_1_31' title="bbox 52 1938 1172 1983; baseline 0.002 -13"><span class='ocrx_word' id='word_1_232' title='bbox 52 1938 177 1983; x_wconf 86' lang='lat' dir='ltr'><strong>pulcris</strong></span> <span class='ocrx_word' id='word_1_233' title='bbox 201 1938 377 1973; x_wconf 55' lang='lat' dir='ltr'><strong>mandatis(</strong></span> <span class='ocrx_word' id='word_1_234' title='bbox 408 1938 492 1972; x_wconf 78' lang='lat' dir='ltr'><strong>Cod.</strong></span> <span class='ocrx_word' id='word_1_235' title='bbox 519 1939 658 1981; x_wconf 83' lang='lat' dir='ltr'><strong>Regius:</strong></span> <span class='ocrx_word' id='word_1_236' title='bbox 687 1952 762 1982; x_wconf 77' lang='lat' dir='ltr'><strong>»qui</strong></span> <span class='ocrx_word' id='word_1_237' title='bbox 789 1951 997 1982; x_wconf 76' lang='lat' dir='ltr'><strong>nequaqumu</strong></span> <span class='ocrx_word' id='word_1_238' title='bbox 1023 1949 1099 1972; x_wconf 88' lang='lat' dir='ltr'><strong>suut</strong></span> <span class='ocrx_word' id='word_1_239' title='bbox 1123 1953 1172 1972; x_wconf 86' lang='lat' dir='ltr'><strong>se-</strong></span> 
     </span>
    </p>

    <p class='ocr_par' dir='ltr' id='par_1_8' title="bbox 51 1983 1170 2073">
     <span class='ocr_line' id='line_1_32' title="bbox 51 1983 1170 2028; baseline 0.002 -13.046"><span class='ocrx_word' id='word_1_240' title='bbox 51 1983 216 2027; x_wconf 78' lang='lat' dir='ltr'><strong>pulturae,</strong></span> <span class='ocrx_word' id='word_1_241' title='bbox 239 1996 301 2016; x_wconf 87' lang='lat' dir='ltr'><strong>nec</strong></span> <span class='ocrx_word' id='word_1_242' title='bbox 324 1983 358 2015; x_wconf 91' lang='lat' dir='ltr'><strong>in</strong></span> <span class='ocrx_word' id='word_1_243' title='bbox 382 1984 544 2028; x_wconf 80' lang='lat' dir='ltr'><strong>sepulcris</strong></span> <span class='ocrx_word' id='word_1_244' title='bbox 564 1984 718 2016; x_wconf 73' lang='lat' dir='ltr'><strong>mandati.</strong></span> <span class='ocrx_word' id='word_1_245' title='bbox 724 1997 740 2011; x_wconf 63' lang='grc' dir='ltr'><strong>ι(</strong></span> <span class='ocrx_word' id='word_1_246' title='bbox 781 1984 848 2016; x_wconf 79' lang='lat' dir='ltr'><strong>Sed</strong></span> <span class='ocrx_word' id='word_1_247' title='bbox 867 1983 948 2016; x_wconf 86' lang='lat' dir='ltr'><strong>editi</strong></span> <span class='ocrx_word' id='word_1_248' title='bbox 972 1985 1016 2028; x_wconf 78' lang='lat' dir='ltr'><strong>(v.</strong></span> <span class='ocrx_word' id='word_1_249' title='bbox 1042 1998 1070 2017; x_wconf 73' lang='lat' dir='ltr'><strong>c.</strong></span> <span class='ocrx_word' id='word_1_250' title='bbox 1095 1986 1170 2017; x_wconf 83' lang='lat' dir='ltr'><strong>cdd.</strong></span> 
     </span>
     <span class='ocr_line' id='line_1_33' title="bbox 53 2028 895 2073; baseline 0 -12"><span class='ocrx_word' id='word_1_251' title='bbox 53 2029 128 2073; x_wconf 87' lang='lat' dir='ltr'><strong>M.),</strong></span> <span class='ocrx_word' id='word_1_252' title='bbox 152 2038 184 2061; x_wconf 86' lang='lat' dir='ltr'><strong>et</strong></span> <span class='ocrx_word' id='word_1_253' title='bbox 207 2029 287 2062; x_wconf 86' lang='lat' dir='ltr'><strong>Mss.</strong></span> <span class='ocrx_word' id='word_1_254' title='bbox 313 2028 442 2072; x_wconf 77' lang='lat' dir='ltr'><strong>aliquot</strong></span> <span class='ocrx_word' id='word_1_255' title='bbox 465 2029 588 2061; x_wconf 82' lang='lat' dir='ltr'><strong>rectius</strong></span> <span class='ocrx_word' id='word_1_256' title='bbox 611 2039 649 2061; x_wconf 88' lang='lat' dir='ltr'><strong>ut</strong></span> <span class='ocrx_word' id='word_1_257' title='bbox 674 2029 705 2061; x_wconf 90' lang='lat' dir='ltr'><strong>in</strong></span> <span class='ocrx_word' id='word_1_258' title='bbox 732 2038 831 2061; x_wconf 75' lang='lat' dir='ltr'><strong>textu.</strong></span> <span class='ocrx_word' id='word_1_259' title='bbox 856 2029 895 2061; x_wconf 84' lang='lat' dir='ltr'><strong>R.</strong></span> 
     </span>
    </p>
   </div>
   <div class='ocr_carea' id='block_1_6' title="bbox 53 2083 1170 2174">
    <p class='ocr_par' dir='ltr' id='par_1_9' title="bbox 53 2083 1170 2174">
     <span class='ocr_line' id='line_1_34' title="bbox 56 2083 1170 2129; baseline 0.003 -14"><span class='ocrx_word' id='word_1_260' title='bbox 56 2116 59 2119; x_wconf 69' lang='grc'>,</span> <span class='ocrx_word' id='word_1_261' title='bbox 142 2085 176 2128; x_wconf 79' lang='lat'><strong>³)</strong></span> <span class='ocrx_word' id='word_1_262' title='bbox 200 2083 263 2116; x_wconf 83' lang='lat' dir='ltr'><strong>Ed.</strong></span> <span class='ocrx_word' id='word_1_263' title='bbox 288 2083 393 2116; x_wconf 79' lang='lat' dir='ltr'><strong>Ruaei</strong></span> <span class='ocrx_word' id='word_1_264' title='bbox 417 2085 516 2119; x_wconf 86' lang='lat' dir='ltr'><strong>Tom.</strong></span> <span class='ocrx_word' id='word_1_265' title='bbox 544 2086 600 2118; x_wconf 84' lang='grc' dir='ltr'><strong>ΙΙΙ.</strong></span> <span class='ocrx_word' id='word_1_266' title='bbox 626 2098 698 2129; x_wconf 80' lang='lat' dir='ltr'><strong>pag.</strong></span> <span class='ocrx_word' id='word_1_267' title='bbox 727 2086 796 2119; x_wconf 71' lang='lat'>105.</span> <span class='ocrx_word' id='word_1_268' title='bbox 830 2098 919 2128; x_wconf 80' lang='lat' dir='ltr'><strong>seqq.</strong></span> <span class='ocrx_word' id='word_1_269' title='bbox 957 2098 1054 2117; x_wconf 82' lang='lat' dir='ltr'><strong>»num</strong></span> <span class='ocrx_word' id='word_1_270' title='bbox 1080 2085 1170 2118; x_wconf 80' lang='lat' dir='ltr'><strong>vidc-</strong></span> 
     </span>
     <span class='ocr_line' id='line_1_35' title="bbox 53 2129 685 2174; baseline 0.003 -14"><span class='ocrx_word' id='word_1_271' title='bbox 53 2130 176 2161; x_wconf 90' lang='lat' dir='ltr'><strong>buntur</strong></span> <span class='ocrx_word' id='word_1_272' title='bbox 199 2148 240 2154; x_wconf 92' lang='lat'><strong>—-</strong></span> <span class='ocrx_word' id='word_1_273' title='bbox 266 2129 449 2162; x_wconf 84' lang='lat' dir='ltr'><strong>dicuntur?</strong></span> <span class='ocrx_word' id='word_1_274' title='bbox 474 2129 595 2174; x_wconf 84' lang='lat' dir='ltr'><strong>Quod«</strong></span> <span class='ocrx_word' id='word_1_275' title='bbox 623 2140 685 2163; x_wconf 85' lang='lat' dir='ltr'><strong>etc.</strong></span> 
     </span>
    </p>
   </div>
   <div class='ocr_carea' id='block_1_7' title="bbox 144 2183 969 2336">
    <p class='ocr_par' dir='ltr' id='par_1_10' title="bbox 144 2183 969 2336">
     <span class='ocr_line' id='line_1_36' title="bbox 148 2183 664 2227; baseline 0.008 -11"><span class='ocrx_word' id='word_1_276' title='bbox 148 2184 176 2227; x_wconf 78' lang='lat'><strong>¹)</strong></span> <span class='ocrx_word' id='word_1_277' title='bbox 201 2183 269 2217; x_wconf 78' lang='lat' dir='ltr'><strong>Csr.</strong></span> <span class='ocrx_word' id='word_1_278' title='bbox 295 2185 306 2216; x_wconf 90' lang='lat' dir='ltr'><strong>l</strong></span> <span class='ocrx_word' id='word_1_279' title='bbox 334 2185 411 2218; x_wconf 84' lang='lat' dir='ltr'><strong>Cor.</strong></span> <span class='ocrx_word' id='word_1_280' title='bbox 436 2185 507 2224; x_wconf 84' lang='lat' dir='ltr'><strong>XV,</strong></span> <span class='ocrx_word' id='word_1_281' title='bbox 534 2185 586 2220; x_wconf 66' lang='grc'><strong>41.</strong></span> <span class='ocrx_word' id='word_1_282' title='bbox 611 2187 664 2220; x_wconf 72' lang='grc'><strong>42.</strong></span> 
     </span>
     <span class='ocr_line' id='line_1_37' title="bbox 144 2240 939 2284; baseline 0.003 -12"><span class='ocrx_word' id='word_1_283' title='bbox 144 2243 176 2283; x_wconf 78' lang='lat'><strong>⁵)</strong></span> <span class='ocrx_word' id='word_1_284' title='bbox 203 2241 213 2272; x_wconf 91' lang='grc' dir='ltr'>Ι</span> <span class='ocrx_word' id='word_1_285' title='bbox 242 2240 319 2273; x_wconf 84' lang='lat' dir='ltr'><strong>Cor.</strong></span> <span class='ocrx_word' id='word_1_286' title='bbox 343 2241 418 2279; x_wconf 77' lang='lat' dir='ltr'><strong>XV,</strong></span> <span class='ocrx_word' id='word_1_287' title='bbox 442 2241 492 2274; x_wconf 62' lang='grc'><strong>42.</strong></span> <span class='ocrx_word' id='word_1_288' title='bbox 588 2242 622 2284; x_wconf 75' lang='lat'><strong>⁶)</strong></span> <span class='ocrx_word' id='word_1_289' title='bbox 651 2242 659 2273; x_wconf 91' lang='lat' dir='ltr'><strong>l</strong></span> <span class='ocrx_word' id='word_1_290' title='bbox 687 2242 763 2274; x_wconf 78' lang='lat' dir='ltr'><strong>Cor.</strong></span> <span class='ocrx_word' id='word_1_291' title='bbox 789 2241 863 2279; x_wconf 85' lang='lat' dir='ltr'><strong>XV,</strong></span> <span class='ocrx_word' id='word_1_292' title='bbox 888 2241 939 2274; x_wconf 68' lang='grc'>4-1.</span> 
     </span>
     <span class='ocr_line' id='line_1_38' title="bbox 900 2303 969 2336; baseline 0.072 -20"><span class='ocrx_word' id='word_1_293' title='bbox 900 2303 940 2336; x_wconf 55' lang='grc'><strong>125</strong></span> <span class='ocrx_word' id='word_1_294' title='bbox 958 2310 969 2321; x_wconf 67' lang='lat'><strong>1»</strong></span> 
     </span>
    </p>
   </div>
  </div>
 </body>
</html>
