1422 2472
403 111 716 144 OMGEMANORUM
741 110 855 142 Lmen
872 110 919 143 11.
1149 110 1191 144 75

58 214 121 246 pus
145 200 256 246 aliqua
282 200 437 243 Origcnis
474 200 637 245 opuscula
669 199 826 232 Bellator
857 200 1033 244 presbyter
1058 199 1089 230 in
1118 198 1192 231 lati-

56 275 133 295 nam
160 262 305 304 linguam
332 263 544 295 refundebat.

149 325 205 357 lV.
254 324 320 356 Res
345 323 586 368 aliquantisper
610 322 847 367 tranquillatae
874 323 1089 361 videbantur,
1114 335 1190 354 cum

56 385 171 418 Nomii
196 385 356 429 discipuli
382 385 607 424 Domitianus,
634 394 666 417 et
689 384 938 424 Theodoretus,
964 393 1190 426 cognomento

58 447 207 486 Ascidas,
232 449 426 492 Ancyranus
451 446 526 485 ille,
553 446 607 478 hic
633 447 813 480 Caesareae
840 446 1078 490 Cappadociae
1103 459 1194 478 crea—

58 518 110 541 tus
137 509 283 547 antistes,
308 509 350 540 ad
375 509 647 553 promovendum
667 507 916 549 Origenismum
935 520 1050 541 recens
1071 509 1192 553 adepta

58 579 226 614 potestate
258 570 352 602 abusi
387 579 472 602 sunt.
526 570 656 608 Eorum
697 569 824 614 quippe
863 569 1033 613 praesidio
1074 570 1192 602 confisi

59 631 269 674 Origenistae
293 643 361 663 non
386 629 452 675 jam
477 643 540 675 per
565 631 760 669 cuniculos,
783 643 852 663 non
877 630 1032 663 subdolis
1057 632 1192 664 ratioci-

57 693 248 726 nationibus
273 693 421 726 incautas
442 702 570 725 mentes
588 704 776 737 expugnare
792 701 974 732 tentarunt,
998 694 1057 726 sed
1077 704 1193 738 aperta

59 755 91 786 vi
114 763 306 797 grassantes,
331 755 430 788 armis
454 754 627 801 instructi,
659 767 805 799 quorum
837 754 966 787 animos
990 755 1193 788 labefactare

57 829 126 849 non
150 826 319 861 poterant,
345 829 464 849 eorum
497 815 700 848 monasteria
730 816 883 849 funditus
914 816 1102 850 diruebant.
1151 819 1195 851 Et

58 878 92 910 in
117 878 295 911 maximam
319 891 456 923 quoque
480 878 588 912 Sabae
613 879 757 910 Lautam
776 891 813 911 ea
833 887 958 920 strages
976 878 1193 922 incubuisset,

58 940 122 973 nisi
145 940 199 973 via
222 941 412 973 aberrantes
436 940 470 972 in
495 952 611 985 aspera
642 940 839 975 incidissent
870 941 964 979 loca,
995 941 1084 973 unde
1109 941 1195 974 infe-

60 1011 113 1035 cta
135 1015 171 1035 re
196 1003 319 1047 pedem
353 1003 490 1035 demum
523 1002 723 1035 retulerunt.
779 1003 920 1044 Magnos
952 1002 1053 1035 etiam
1087 1016 1126 1036 ex
1151 1017 1192 1036 eo

59 1075 248 1098 sumserunt
278 1064 430 1110 spiritus,
463 1065 557 1108 quod
581 1065 721 1097 Petrum
746 1064 1100 1109 Hierosolymitanum
1125 1066 1197 1111 epi—

61 1139 201 1170 scopum
236 1126 435 1170 compositis
467 1125 554 1158 dolis
587 1138 630 1158 eo
654 1126 898 1170 perpulerunt,
921 1135 959 1158 ut
983 1126 1016 1158 in
1042 1140 1197 1159 commu-

61 1188 199 1220 nionem
222 1187 390 1231 reciperet
414 1186 554 1218 Petrum
590 1187 870 1226 Alexandrinum,
903 1199 1004 1231 quem
1029 1188 1197 1221 Sucaeen-

61 1250 105 1283 sis
129 1248 325 1281 monasterii
350 1248 564 1292 praefectura
587 1248 769 1293 depulsum
793 1248 949 1287 diximus,
975 1257 1007 1281 et
1027 1249 1196 1283 Joannem

61 1321 288 1354 cognomento
313 1311 543 1355 Strongylum.
600 1310 680 1353 Quo
711 1311 802 1342 facto
835 1319 966 1342 tantum
997 1310 1197 1352 Origeuistis

61 1373 201 1406 accessit
223 1372 386 1411 fiduciae,
419 1381 458 1403 ut
487 1371 555 1416 jam
587 1385 835 1417 quaquaversus
868 1371 1058 1404 doctrinam
1091 1385 1196 1413 suam,

60 1435 108 1468 sic
127 1444 291 1479 tanquam
315 1434 443 1475 legem,
473 1434 748 1478 promulgarent3
780 1433 808 1466 si
841 1446 926 1477 quos
953 1433 1072 1465 obvios
1096 1433 1197 1466 habe-

61 1507 135 1530 rem
160 1495 420 1541 Hierosolymam
443 1495 628 1528 monachos
656 1495 886 1535 orthodoxos,
918 1495 1006 1527 male
1030 1495 1198 1528 mulctan—

61 1568 112 1592 tes
136 1558 283 1602 turpiter
307 1557 485 1602 ejicerent3
513 1557 642 1589 multos
674 1557 774 1589 etiam
797 1556 999 1599 gravissimis
1022 1557 1198 1601 suppliciis

64 1621 304 1653 excruciarent.
354 1619 488 1663 Quibus
511 1620 554 1652 ad
578 1632 636 1651 eos
660 1619 810 1663 perlatis,
836 1618 894 1663 qui
911 1618 1000 1651 circa
1011 1619 1199 1652 Jordanem

61 1682 158 1716 sedes
183 1691 376 1726 posuerant,
402 1681 444 1715 ad
473 1693 574 1725 opem
600 1680 700 1714 sociis
725 1681 901 1713 ferendam
926 1685 1070 1721 coeunt,
1106 1690 1140 1721 et
1163 1681 1199 1714 in

62 1744 170 1778 Sabae
196 1744 349 1783 Lautam,
374 1743 468 1776 velut
501 1742 535 1775 in
569 1743 865 1787 propugnaculum
896 1741 1104 1784 confugiunt.
1153 1747 1200 1787 At

64 1804 147 1838 illuc
171 1817 308 1849 quoque
333 1818 433 1839 manu
458 1805 544 1838 facta
568 1805 728 1837 advolant
753 1804 981 1847 origenistae,
1007 1813 1041 1836 et
1065 1804 1198 1838 foribus

65 1866 352 1906 cifractis„Laura
376 1865 497 1910 potiti,
523 1878 560 1898 ex
596 1866 793 1898 orthodoxis
825 1866 1019 1910 complures
1051 1867 1199 1899 vulneri-

65 1929 127 1961 bus
150 1928 344 1971 concidunt.

155 1991 194 2024 V.
243 1990 335 2024 Haec
359 1990 393 2022 in
419 1989 487 2022 vita
511 1990 620 2023 Sabae
644 2003 779 2023 narrans
806 1990 965 2036 Cyrillus,
992 1999 1025 2022 et
1043 1990 1199 2032 Origeni-

67 2061 191 2085 starum
215 2052 354 2085 illorum
381 2051 601 2096 petulantiam
627 2052 839 2085 describens:
874 2051 987 2096 »Quin
1013 2051 1126 2092 etiam,
1151 2051 1200 2084 in-

68 2113 153 2158 quit,
175 2114 203 2146 si
225 2114 370 2158 aliquem
404 2127 441 2146 cx
477 2114 674 2146 orthodoxis
703 2114 876 2147 monachis
901 2114 1200 2157 deprehendissent

70 2176 104 2208 in
129 2185 239 2208 sancta
264 2176 410 2215 civitate,
431 2175 536 2220 impia
559 2189 660 2211 manu
685 2177 862 2215 ferientes,
895 2185 928 2208 et
959 2175 1117 2208 sabaiten
1143 2187 1200 2206 vo-

69 2247 192 2277 cantes,
216 2236 310 2284 illinc
335 2250 412 2269 eum
437 2237 582 2282 turpiter
613 2238 857 2282 expellebant.«
909 2237 1123 2275 »Samnitem«
1151 2235 1201 2269 in-

70 2298 185 2342 tellige
212 2299 319 2342 §abac
345 2307 563 2339 sectatorem,
588 2309 621 2332 ct
646 2298 870 2344 discipulu1u3
902 2298 964 2330 uisi
991 2299 1080 2330 sorte
1105 2297 1200 2331 malis
