1422 2472
373 84 689 117 omanem-onum
713 83 828 117 Lmen
846 82 910 116 ΠΙ.
1137 80 1199 117 131

58 182 150 206 terea
185 172 220 205 in
260 171 349 204 libro
387 173 428 206 de
463 173 675 206 institutione
719 172 910 205 divinarum
947 171 1201 215 scripturarum,

59 247 131 280 cap.
155 233 202 275 2.,
228 234 374 268 affirmat
398 247 433 269 se
459 245 603 280 quatuor
628 235 782 277 Origenis
801 232 968 266 Homilias
992 232 1026 265 in
1050 232 1200 277 primum

58 296 184 330 librum
208 297 341 339 Regum
365 297 551 339 invenisse;
583 311 681 330 unam
713 296 749 329 in
783 296 909 329 librum
934 295 1138 336 secundum;
1165 303 1199 326 et

58 372 178 401 unam,
212 373 352 405 eamque
382 360 550 405 prolixam
584 359 618 392 in
652 359 776 392 librum
809 358 995 391 secundum
1025 357 1202 401 Paralipo-

55 435 193 455 menon.
241 423 338 455 Idem
364 435 436 468 cap.
462 421 494 457 6.
517 431 648 462 narrat,
679 422 763 455 visas
794 421 859 454 sibi
893 421 929 453 in
960 421 1045 453 duos
1071 419 1197 453 Esdrae

56 485 163 518 libros
187 484 331 528 singulas
356 484 511 528 Origenis
536 484 728 525 Romilius,
766 497 850 529 quae
882 497 901 517 a
924 482 1099 516 Bellatore
1124 495 1201 527 pre-

56 548 192 594 sbytero
216 547 371 581 Romana
397 546 550 581 oratione
585 547 768 592 explicatae
798 556 886 580 sunt.
934 546 1061 578 Jobum
1086 544 1202 578 multis

57 609 218 643 Homiliis
242 610 407 653 Origenes
433 608 600 654 exposuit.
649 609 707 642 Sic
737 607 932 642 Eustathius
964 607 1199 640 Antiochenus

57 671 94 705 in
115 671 338 715 Diagnostico
369 673 411 706 de
444 671 743 716 Engastrimytho:
777 673 870 716 Περὶ
901 671 944 706 δέ
972 683 1014 715 γε
1039 671 1102 704 τοῦ
1128 683 1200 705 πο-

56 733 167 771 Mna
193 733 470 783 προσομιλήσας
488 734 565 778 Ἰὼβ
573 759 671 770 .....
698 737 877 780 μετέωρος
901 736 950 772 εἰς
974 732 1016 768 τὰ
1042 735 1115 768 τῶν
1128 737 1200 768 191)-

54 801 220 845 γαῐέρων
250 795 415 844 ὁρμήσας
451 795 616 843 ὀνόματα
656 800 843 841 masmim]
884 793 1068 842 γραώὸως.
1129 796 1198 829 Has

57 860 230 895 Homilias
254 861 297 895 ad
328 873 463 894 sensum
494 859 596 893 fuisse
628 860 669 893 ab
700 858 833 892 Hilario
866 871 1060 899 conversas,
1097 858 1200 892 tradit

55 923 286 971 Hieronymus
318 922 353 956 in
394 922 558 965 Catalogo
597 921 753 967 scriptor.
781 921 917 962 eccles„
950 930 983 953 et
1014 920 1110 966 epist.
1143 921 1198 956 75.

56 987 132 1021 adit.
170 984 403 1028 vigilantium,
427 985 487 1018 uhi
512 994 545 1018 et
570 984 604 1017 id
629 984 791 1030 apponit:
819 985 910 1018 »Cur
926 984 1105 1018 Tractatus
1130 983 1200 1030 ejus

57 1047 248 1093 (Origenis)
273 1047 309 1080 in
333 1048 402 1081 Job
428 1047 618 1091 descriptos
641 1047 755 1088 habes,
782 1046 815 1079 in
841 1047 962 1091 quibus
989 1055 1105 1079 contra
1128 1046 1199 1079 dia-

57 1110 190 1150 bolum,
217 1119 250 1143 et
274 1110 316 1142 de
340 1109 464 1149 stellis,
496 1109 663 1153 coeloque
689 1109 880 1153 disputans,
914 1109 1078 1153 quaedam
1105 1109 1200 1142 locu-

58 1180 111 1204 tus
136 1181 196 1212 est,
221 1184 305 1216 quae
331 1171 473 1204 ecclesia
497 1183 566 1203 non
590 1169 764 1215 recipit?«

146 1233 205 1266 Ill.
252 1233 455 1267 Psalterium
489 1232 654 1274 Origenes
692 1231 819 1277 triplici
861 1231 1111 1277 expositionum
1145 1246 1199 1276 ge-

57 1307 138 1328 nere
162 1294 354 1336 illustravit,
380 1295 651 1335 Commentariis,
676 1294 850 1333 Hmuiliis,
876 1303 910 1326 et
929 1294 1087 1328 scholiis.
1123 1295 1199 1328 Pri-

57 1370 152 1391 mum
184 1357 283 1390 illum
313 1357 402 1390 inter
433 1358 584 1391 Graecos
622 1356 791 1398 integrum
821 1355 1037 1388 Psalmorum
1073 1369 1198 1401 corpus

55 1419 172 1453 multis
197 1419 428 1454 voluminibus
453 1419 634 1465 explicasse
652 1418 827 1464 proditum
853 1427 903 1451 est
927 1419 968 1450 ab
985 1417 1196 1465 Hieronymo

57 1482 156 1527 epist.
186 1482 242 1518 89.
274 1483 316 1517 ad
348 1484 508 1526 August.;
540 1483 633 1527 quod
664 1482 705 1515 de
737 1481 999 1514 Commentariis
1031 1481 1196 1524 intelligo.

56 1544 106 1578 Ex
130 1544 181 1578 his
204 1545 312 1578 multa
336 1545 391 1577 vel
413 1545 593 1585 imitatum,
618 1544 672 1577 vel
691 1543 955 1588 ,interpretatum
980 1543 1082 1576 fuisse
1102 1543 1197 1577 Hila-

57 1607 163 1648 rium,
194 1607 288 1641 idem
318 1616 438 1641 auctor
470 1616 538 1650 θεῖς
574 1608 632 1652 qui
665 1616 697 1639 et
729 1615 860 1651 septem
885 1619 902 1638 e
928 1605 1046 1639 Tomis
1069 1606 1137 1640 illis
1161 1620 1195 1640 se

55 1669 169 1704 latinis
193 1670 304 1704 verbis
330 1669 527 1715 expressisse
550 1670 667 1710 refert,
690 1681 709 1702 a
725 1668 862 1702 Psalmo
882 1668 1042 1702 nimirum
1061 1669 1193 1702 decimo

55 1733 98 1766 ad
121 1732 294 1766 decimum
318 1742 461 1767 sextum.
514 1733 611 1766 Idem
646 1731 748 1765 etiam
782 1730 857 1764 libr.
885 1730 914 1765 1.
946 1730 1094 1775 Apolog.
1119 1732 1194 1765 adv.

56 1794 169 1829 Rufin.
196 1807 269 1841 cap.
295 1794 327 1831 3.
378 1794 657 1838 »Octogesimum
689 1806 826 1838 quoque
857 1805 986 1826 nonum
1008 1793 1194 1836 Psalmum,

56 1855 176 1902 inquit,
199 1857 259 1903 qui
281 1857 458 1891 scribitur:
491 1856 612 1891 Oratio
637 1856 756 1903 Mosy,
780 1855 927 1889 hominis
950 1854 1036 1896 Dei,
1061 1866 1094 1889 et
1116 1857 1196 1890 reli-

58 1932 142 1964 quos
166 1919 343 1962 undecim,
375 1920 434 1966 qui
466 1933 535 1953 non
559 1920 683 1952 habent
708 1918 843 1959 titulos,
873 1918 1059 1951 secundum
1084 1919 1193 1952 Huilli

59 1982 316 2026 expositionem,
342 1983 493 2029 ejusdem
518 1982 620 2028 Mosy
644 1990 742 2027 putat
766 1981 980 2026 (Origenes‚)
1010 1993 1073 2014 nec
1098 1981 1194 2015 dedi-

56 2052 174 2085 gnatur
195 2044 386 2078 Hebraeam
408 2045 610 2090 scripturam
634 2042 870 2088 interpretans,
894 2055 957 2088 per
971 2042 1101 2086 singula
1118 2044 1194 2077 loca

59 2103 143 2154 quid
165 2104 304 2139 Ebraeis
327 2106 483 2140 videatur
505 2107 686 2139 inserere.«
733 2104 783 2137 Ea
806 2117 912 2150 porro
941 2105 1194 2140 Commentaria

58 2166 235 2208 instigante
265 2169 447 2202 Ambrosio
478 2178 652 2213 suscepta,
687 2166 866 2213 eidemque
898 2167 1057 2213 inscripta
1090 2168 1192 2201 fuisse

58 2242 95 2261 ex
120 2230 308 2271 fragmento
338 2230 577 2273 intelligimus,
607 2230 701 2274 quod
734 2229 833 2262 habet
856 2229 1068 2274 Epiphanius
1092 2229 1192 2266 Haer.

57 2289 110 2325 64.
137 2302 209 2335 cap.
232 2290 261 2325 7.
308 2288 482 2324 Tractatus
516 2290 671 2334 Origenis
703 2289 737 2323 in
769 2289 972 2324 psalterium
998 2299 1133 2324 centum
1159 2298 1192 2326 et

947 2349 1000 2385 91·
