<?xml version="1.0" encoding="UTF-8"?>
<!DOCTYPE html PUBLIC "-//W3C//DTD XHTML 1.0 Transitional//EN"
    "http://www.w3.org/TR/xhtml1/DTD/xhtml1-transitional.dtd">
<html xmlns="http://www.w3.org/1999/xhtml" xml:lang="en" lang="en">
 <head>
  <title>
</title>
<meta http-equiv="Content-Type" content="text/html;charset=utf-8" />
  <meta name='ocr-system' content='tesseract 3.04.00' />
  <meta name='ocr-capabilities' content='ocr_page ocr_carea ocr_par ocr_line ocrx_word'/>
</head>
<body>
  <div class='ocr_page' id='page_1' title='image "./operaomniaquaegr24orig/operaomniaquaegr24orig_0151.png"; bbox 0 0 1422 2472; ppageno 0'>
   <div class='ocr_carea' id='block_1_1' title="bbox 348 77 1188 113">
    <p class='ocr_par' dir='ltr' id='par_1_1' title="bbox 348 77 1188 113">
     <span class='ocr_line' id='line_1_1' title="bbox 348 77 1188 113; baseline 0.001 -1"><span class='ocrx_word' id='word_1_1' title='bbox 348 78 662 112; x_wconf 61' lang='lat' dir='ltr'>Ortmann-monum</span> <span class='ocrx_word' id='word_1_2' title='bbox 687 77 799 111; x_wconf 72' lang='lat' dir='ltr'>Lmen</span> <span class='ocrx_word' id='word_1_3' title='bbox 824 77 887 112; x_wconf 89' lang='lat'>111.</span> <span class='ocrx_word' id='word_1_4' title='bbox 1124 77 1188 113; x_wconf 78' lang='lat'>139</span> 
     </span>
    </p>
   </div>
   <div class='ocr_carea' id='block_1_2' title="bbox 6 166 1191 1766">
    <p class='ocr_par' dir='ltr' id='par_1_2' title="bbox 6 166 1191 1766">
     <span class='ocr_line' id='line_1_2' title="bbox 51 166 1187 211; baseline -0.002 -10"><span class='ocrx_word' id='word_1_5' title='bbox 51 169 171 202; x_wconf 78' lang='lat' dir='ltr'>Joann.</span> <span class='ocrx_word' id='word_1_6' title='bbox 199 168 328 201; x_wconf 84' lang='lat' dir='ltr'><strong>Tomos</strong></span> <span class='ocrx_word' id='word_1_7' title='bbox 353 168 485 211; x_wconf 78' lang='lat' dir='ltr'>triginta</span> <span class='ocrx_word' id='word_1_8' title='bbox 511 169 595 201; x_wconf 90' lang='lat' dir='ltr'>duos</span> <span class='ocrx_word' id='word_1_9' title='bbox 613 167 833 201; x_wconf 79' lang='lat' dir='ltr'>Adamantius</span> <span class='ocrx_word' id='word_1_10' title='bbox 858 166 976 200; x_wconf 87' lang='lat' dir='ltr'>edidit.</span> <span class='ocrx_word' id='word_1_11' title='bbox 1025 167 1074 199; x_wconf 76' lang='lat' dir='ltr'>Ita</span> <span class='ocrx_word' id='word_1_12' title='bbox 1092 167 1187 201; x_wconf 80' lang='lat' dir='ltr'>Rufi-</span> 
     </span>
     <span class='ocr_line' id='line_1_3' title="bbox 53 228 1187 271; baseline -0.002 -8"><span class='ocrx_word' id='word_1_13' title='bbox 53 243 113 264; x_wconf 86' lang='lat' dir='ltr'>nus</span> <span class='ocrx_word' id='word_1_14' title='bbox 149 231 272 263; x_wconf 83' lang='lat' dir='ltr'>lnvect.</span> <span class='ocrx_word' id='word_1_15' title='bbox 297 230 328 266; x_wconf 82' lang='lat'>2.</span> <span class='ocrx_word' id='word_1_16' title='bbox 359 230 392 262; x_wconf 84' lang='lat' dir='ltr'>in</span> <span class='ocrx_word' id='word_1_17' title='bbox 424 229 565 263; x_wconf 88' lang='lat' dir='ltr'>Hieron.</span> <span class='ocrx_word' id='word_1_18' title='bbox 603 229 770 262; x_wconf 74' lang='lat' dir='ltr'>»interim</span> <span class='ocrx_word' id='word_1_19' title='bbox 804 228 961 271; x_wconf 88' lang='lat' dir='ltr'>Origenis</span> <span class='ocrx_word' id='word_1_20' title='bbox 993 228 1117 270; x_wconf 85' lang='lat' dir='ltr'>libros,</span> <span class='ocrx_word' id='word_1_21' title='bbox 1150 239 1187 261; x_wconf 92' lang='lat' dir='ltr'>ut</span> 
     </span>
     <span class='ocr_line' id='line_1_4' title="bbox 52 283 1186 337; baseline -0.002 -12"><span class='ocrx_word' id='word_1_22' title='bbox 52 283 332 337; x_wconf 74' lang='lat' dir='ltr'>supradiximus,</span> <span class='ocrx_word' id='word_1_23' title='bbox 356 292 389 325; x_wconf 83' lang='lat' dir='ltr'>in</span> <span class='ocrx_word' id='word_1_24' title='bbox 415 304 551 324; x_wconf 88' lang='lat' dir='ltr'>omnem</span> <span class='ocrx_word' id='word_1_25' title='bbox 577 291 835 325; x_wconf 80' lang='lat' dir='ltr'>admirationem</span> <span class='ocrx_word' id='word_1_26' title='bbox 861 290 1012 331; x_wconf 79' lang='lat' dir='ltr'><strong>extollit,</strong></span> <span class='ocrx_word' id='word_1_27' title='bbox 1038 299 1070 324; x_wconf 89' lang='lat' dir='ltr'>et</span> <span class='ocrx_word' id='word_1_28' title='bbox 1094 290 1186 331; x_wconf 88' lang='lat' dir='ltr'>dicit,</span> 
     </span>
     <span class='ocr_line' id='line_1_5' title="bbox 53 353 1190 400; baseline -0.002 -14"><span class='ocrx_word' id='word_1_29' title='bbox 53 355 146 399; x_wconf 88' lang='lat' dir='ltr'>quod</span> <span class='ocrx_word' id='word_1_30' title='bbox 170 355 197 387; x_wconf 91' lang='lat' dir='ltr'>si</span> <span class='ocrx_word' id='word_1_31' title='bbox 223 367 280 388; x_wconf 86' lang='lat' dir='ltr'>eos</span> <span class='ocrx_word' id='word_1_32' title='bbox 298 354 539 400; x_wconf 85' lang='lat' dir='ltr'>interpretetur</span> <span class='ocrx_word' id='word_1_33' title='bbox 552 354 704 387; x_wconf 72' lang='lat' dir='ltr'>Romana</span> <span class='ocrx_word' id='word_1_34' title='bbox 730 353 853 396; x_wconf 82' lang='lat' dir='ltr'>lingua,</span> <span class='ocrx_word' id='word_1_35' title='bbox 879 361 1061 394; x_wconf 81' lang='lat' dir='ltr'>cognoscet</span> <span class='ocrx_word' id='word_1_36' title='bbox 1086 365 1190 398; x_wconf 85' lang='lat' dir='ltr'>quan-</span> 
     </span>
     <span class='ocr_line' id='line_1_6' title="bbox 52 412 1188 458; baseline -0.004 -9"><span class='ocrx_word' id='word_1_37' title='bbox 52 426 124 449; x_wconf 89' lang='lat' dir='ltr'>tum</span> <span class='ocrx_word' id='word_1_38' title='bbox 147 416 231 449; x_wconf 86' lang='lat' dir='ltr'>honi</span> <span class='ocrx_word' id='word_1_39' title='bbox 257 426 290 449; x_wconf 88' lang='lat' dir='ltr'>et</span> <span class='ocrx_word' id='word_1_40' title='bbox 314 425 389 449; x_wconf 81' lang='lat' dir='ltr'>ante</span> <span class='ocrx_word' id='word_1_41' title='bbox 413 412 580 455; x_wconf 79' lang='lat' dir='ltr'>nescierit,</span> <span class='ocrx_word' id='word_1_42' title='bbox 607 425 639 448; x_wconf 89' lang='lat' dir='ltr'>et</span> <span class='ocrx_word' id='word_1_43' title='bbox 663 415 747 448; x_wconf 85' lang='lat' dir='ltr'>scire</span> <span class='ocrx_word' id='word_1_44' title='bbox 770 428 860 448; x_wconf 89' lang='lat' dir='ltr'>nunc</span> <span class='ocrx_word' id='word_1_45' title='bbox 886 413 1050 458; x_wconf 79' lang='lat' dir='ltr'>coeperit,</span> <span class='ocrx_word' id='word_1_46' title='bbox 1075 413 1111 446; x_wconf 82' lang='lat' dir='ltr'>id</span> <span class='ocrx_word' id='word_1_47' title='bbox 1129 423 1188 454; x_wconf 85' lang='lat' dir='ltr'>est,</span> 
     </span>
     <span class='ocr_line' id='line_1_7' title="bbox 52 475 1189 523; baseline -0.002 -13"><span class='ocrx_word' id='word_1_48' title='bbox 52 478 86 510; x_wconf 90' lang='lat' dir='ltr'>in</span> <span class='ocrx_word' id='word_1_49' title='bbox 110 477 336 518; x_wconf 78' lang='lat' dir='ltr'>Matthaeum,</span> <span class='ocrx_word' id='word_1_50' title='bbox 362 478 492 523; x_wconf 83' lang='lat' dir='ltr'>inquit,</span> <span class='ocrx_word' id='word_1_51' title='bbox 516 477 634 520; x_wconf 74' lang='lat' dir='ltr'>viginti</span> <span class='ocrx_word' id='word_1_52' title='bbox 660 490 715 510; x_wconf 85' lang='lat' dir='ltr'>sex</span> <span class='ocrx_word' id='word_1_53' title='bbox 740 477 873 510; x_wconf 84' lang='lat' dir='ltr'>libros«</span> <span class='ocrx_word' id='word_1_54' title='bbox 901 476 1009 521; x_wconf 82' lang='lat' dir='ltr'>(lege:</span> <span class='ocrx_word' id='word_1_55' title='bbox 1050 475 1189 518; x_wconf 79' lang='lat' dir='ltr'>»viginti</span> 
     </span>
     <span class='ocr_line' id='line_1_8' title="bbox 53 537 1190 586; baseline -0.002 -13"><span class='ocrx_word' id='word_1_56' title='bbox 53 540 244 586; x_wconf 88' lang='lat' dir='ltr'>quinque‚)</span> <span class='ocrx_word' id='word_1_57' title='bbox 269 549 303 573; x_wconf 88' lang='lat' dir='ltr'>et</span> <span class='ocrx_word' id='word_1_58' title='bbox 331 539 366 572; x_wconf 89' lang='lat' dir='ltr'>in</span> <span class='ocrx_word' id='word_1_59' title='bbox 390 540 516 572; x_wconf 78' lang='lat' dir='ltr'>Lucam</span> <span class='ocrx_word' id='word_1_60' title='bbox 547 539 715 584; x_wconf 88' lang='lat' dir='ltr'>quinque,</span> <span class='ocrx_word' id='word_1_61' title='bbox 748 548 781 572; x_wconf 88' lang='lat' dir='ltr'>et</span> <span class='ocrx_word' id='word_1_62' title='bbox 805 538 840 571; x_wconf 89' lang='lat' dir='ltr'>in</span> <span class='ocrx_word' id='word_1_63' title='bbox 863 539 1029 572; x_wconf 82' lang='lat' dir='ltr'>Joannem</span> <span class='ocrx_word' id='word_1_64' title='bbox 1054 537 1190 580; x_wconf 83' lang='lat' dir='ltr'>triginta</span> 
     </span>
     <span class='ocr_line' id='line_1_9' title="bbox 54 598 1191 647; baseline -0.005 -11"><span class='ocrx_word' id='word_1_65' title='bbox 54 604 149 636; x_wconf 81' lang='lat' dir='ltr'>duos.</span> <span class='ocrx_word' id='word_1_66' title='bbox 162 616 178 632; x_wconf 93' lang='lat'>«</span> <span class='ocrx_word' id='word_1_67' title='bbox 229 602 312 636; x_wconf 86' lang='lat' dir='ltr'>Inde</span> <span class='ocrx_word' id='word_1_68' title='bbox 345 611 411 643; x_wconf 88' lang='lat' dir='ltr'>est,</span> <span class='ocrx_word' id='word_1_69' title='bbox 444 602 538 647; x_wconf 87' lang='lat' dir='ltr'>quod</span> <span class='ocrx_word' id='word_1_70' title='bbox 568 601 603 635; x_wconf 85' lang='lat' dir='ltr'>in</span> <span class='ocrx_word' id='word_1_71' title='bbox 634 600 763 634; x_wconf 84' lang='lat' dir='ltr'><strong>Codice</strong></span> <span class='ocrx_word' id='word_1_72' title='bbox 788 598 1123 634; x_wconf 75' lang='lat' dir='ltr'>Commentariorum</span> <span class='ocrx_word' id='word_1_73' title='bbox 1156 599 1191 631; x_wconf 87' lang='lat' dir='ltr'>in</span> 
     </span>
     <span class='ocr_line' id='line_1_10' title="bbox 6 660 1189 709; baseline -0.004 -11"><span class='ocrx_word' id='word_1_74' title='bbox 6 671 12 676; x_wconf 86' lang='lat'>&#39;</span> <span class='ocrx_word' id='word_1_75' title='bbox 51 666 228 703; x_wconf 83' lang='lat' dir='ltr'>Joaunem,</span> <span class='ocrx_word' id='word_1_76' title='bbox 255 677 322 709; x_wconf 91' lang='lat' dir='ltr'>quo</span> <span class='ocrx_word' id='word_1_77' title='bbox 348 676 425 696; x_wconf 86' lang='lat' dir='ltr'>usus</span> <span class='ocrx_word' id='word_1_78' title='bbox 449 673 497 696; x_wconf 87' lang='lat' dir='ltr'>est</span> <span class='ocrx_word' id='word_1_79' title='bbox 512 663 710 696; x_wconf 86' lang='lat' dir='ltr'>Ambrosius</span> <span class='ocrx_word' id='word_1_80' title='bbox 726 661 912 702; x_wconf 70' lang='lat' dir='ltr'>Ferrarius,</span> <span class='ocrx_word' id='word_1_81' title='bbox 936 674 1061 694; x_wconf 85' lang='lat' dir='ltr'>novem</span> <span class='ocrx_word' id='word_1_82' title='bbox 1087 660 1189 693; x_wconf 87' lang='lat' dir='ltr'>iuter-</span> 
     </span>
     <span class='ocr_line' id='line_1_11' title="bbox 52 722 1190 770; baseline -0.003 -12"><span class='ocrx_word' id='word_1_83' title='bbox 52 735 170 770; x_wconf 77' lang='lat' dir='ltr'>ruptae</span> <span class='ocrx_word' id='word_1_84' title='bbox 194 724 292 758; x_wconf 82' lang='lat' dir='ltr'>seriei</span> <span class='ocrx_word' id='word_1_85' title='bbox 306 725 409 758; x_wconf 87' lang='lat' dir='ltr'>Tomi</span> <span class='ocrx_word' id='word_1_86' title='bbox 433 725 466 758; x_wconf 88' lang='lat' dir='ltr'>in</span> <span class='ocrx_word' id='word_1_87' title='bbox 484 725 681 760; x_wconf 76' lang='lat' dir='ltr'>32.T0mos</span> <span class='ocrx_word' id='word_1_88' title='bbox 706 726 838 757; x_wconf 77' lang='lat' dir='ltr'>fuerant</span> <span class='ocrx_word' id='word_1_89' title='bbox 854 722 1036 757; x_wconf 78' lang='lat' dir='ltr'>distributi.</span> <span class='ocrx_word' id='word_1_90' title='bbox 1064 722 1190 755; x_wconf 74' lang='lat' dir='ltr'>Emen-</span> 
     </span>
     <span class='ocr_line' id='line_1_12' title="bbox 52 774 1190 833; baseline -0.003 -13"><span class='ocrx_word' id='word_1_91' title='bbox 52 788 151 821; x_wconf 88' lang='lat' dir='ltr'>detur</span> <span class='ocrx_word' id='word_1_92' title='bbox 189 800 267 830; x_wconf 85' lang='lat' dir='ltr'>ergo</span> <span class='ocrx_word' id='word_1_93' title='bbox 305 774 400 821; x_wconf 78' lang='lat' dir='ltr'>loeus</span> <span class='ocrx_word' id='word_1_94' title='bbox 436 788 493 821; x_wconf 86' lang='lat' dir='ltr'>ille</span> <span class='ocrx_word' id='word_1_95' title='bbox 528 787 670 830; x_wconf 83' lang='lat' dir='ltr'>Prologi</span> <span class='ocrx_word' id='word_1_96' title='bbox 704 785 906 833; x_wconf 79' lang='lat' dir='ltr'>Hieronymi</span> <span class='ocrx_word' id='word_1_97' title='bbox 944 786 986 818; x_wconf 77' lang='lat' dir='ltr'>ad</span> <span class='ocrx_word' id='word_1_98' title='bbox 1022 783 1190 817; x_wconf 81' lang='lat' dir='ltr'>llomilias</span> 
     </span>
     <span class='ocr_line' id='line_1_13' title="bbox 53 846 1189 893; baseline -0.004 -10"><span class='ocrx_word' id='word_1_99' title='bbox 53 849 210 892; x_wconf 86' lang='lat' dir='ltr'>Origenis</span> <span class='ocrx_word' id='word_1_100' title='bbox 240 849 275 882; x_wconf 88' lang='lat' dir='ltr'>in</span> <span class='ocrx_word' id='word_1_101' title='bbox 305 850 432 883; x_wconf 76' lang='lat' dir='ltr'>Lucam</span> <span class='ocrx_word' id='word_1_102' title='bbox 464 863 482 882; x_wconf 81' lang='lat' dir='ltr'>a</span> <span class='ocrx_word' id='word_1_103' title='bbox 514 862 548 883; x_wconf 88' lang='lat' dir='ltr'>se</span> <span class='ocrx_word' id='word_1_104' title='bbox 575 862 768 883; x_wconf 84' lang='lat' dir='ltr'>conversas:</span> <span class='ocrx_word' id='word_1_105' title='bbox 818 849 885 882; x_wconf 85' lang='lat' dir='ltr'>»Si</span> <span class='ocrx_word' id='word_1_106' title='bbox 920 848 1059 893; x_wconf 86' lang='lat' dir='ltr'>quidem</span> <span class='ocrx_word' id='word_1_107' title='bbox 1090 846 1189 887; x_wconf 87' lang='lat' dir='ltr'>illud,</span> 
     </span>
     <span class='ocr_line' id='line_1_14' title="bbox 53 909 1190 957; baseline -0.003 -12"><span class='ocrx_word' id='word_1_108' title='bbox 53 913 147 957; x_wconf 87' lang='lat' dir='ltr'>quod</span> <span class='ocrx_word' id='word_1_109' title='bbox 172 912 256 946; x_wconf 88' lang='lat' dir='ltr'>olim</span> <span class='ocrx_word' id='word_1_110' title='bbox 270 912 402 945; x_wconf 77' lang='lat' dir='ltr'>Romae</span> <span class='ocrx_word' id='word_1_111' title='bbox 426 920 540 945; x_wconf 85' lang='lat' dir='ltr'>sancta</span> <span class='ocrx_word' id='word_1_112' title='bbox 554 911 715 946; x_wconf 76' lang='lat' dir='ltr'>Blaesilla</span> <span class='ocrx_word' id='word_1_113' title='bbox 739 911 956 954; x_wconf 82' lang='lat' dir='ltr'>flagitaverat,</span> <span class='ocrx_word' id='word_1_114' title='bbox 981 919 1020 943; x_wconf 87' lang='lat' dir='ltr'>ut</span> <span class='ocrx_word' id='word_1_115' title='bbox 1047 909 1101 946; x_wconf 83' lang='grc'>36.</span> <span class='ocrx_word' id='word_1_116' title='bbox 1119 910 1190 942; x_wconf 89' lang='grc' dir='ltr'>Το-</span> 
     </span>
     <span class='ocr_line' id='line_1_15' title="bbox 50 972 1189 1020; baseline -0.004 -12"><span class='ocrx_word' id='word_1_117' title='bbox 50 988 156 1016; x_wconf 89' lang='lat' dir='ltr'>mos,«</span> <span class='ocrx_word' id='word_1_118' title='bbox 182 975 292 1020; x_wconf 85' lang='lat' dir='ltr'>(lege:</span> <span class='ocrx_word' id='word_1_119' title='bbox 318 974 554 1020; x_wconf 87' lang='lat' dir='ltr'>»25.T0m0s)</span> <span class='ocrx_word' id='word_1_120' title='bbox 578 974 669 1008; x_wconf 87' lang='lat' dir='ltr'>illius</span> <span class='ocrx_word' id='word_1_121' title='bbox 694 973 729 1007; x_wconf 83' lang='lat' dir='ltr'>in</span> <span class='ocrx_word' id='word_1_122' title='bbox 741 973 964 1014; x_wconf 81' lang='lat' dir='ltr'>Matthaeum,</span> <span class='ocrx_word' id='word_1_123' title='bbox 990 982 1023 1006; x_wconf 87' lang='lat' dir='ltr'>et</span> <span class='ocrx_word' id='word_1_124' title='bbox 1040 972 1189 1018; x_wconf 86' lang='lat' dir='ltr'>quinque</span> 
     </span>
     <span class='ocr_line' id='line_1_16' title="bbox 52 1035 1189 1077; baseline -0.002 -9"><span class='ocrx_word' id='word_1_125' title='bbox 52 1036 137 1069; x_wconf 84' lang='lat' dir='ltr'>alios</span> <span class='ocrx_word' id='word_1_126' title='bbox 161 1035 196 1068; x_wconf 86' lang='lat' dir='ltr'>in</span> <span class='ocrx_word' id='word_1_127' title='bbox 219 1036 363 1077; x_wconf 81' lang='lat' dir='ltr'>Lucam,</span> <span class='ocrx_word' id='word_1_128' title='bbox 397 1046 430 1069; x_wconf 89' lang='lat' dir='ltr'>et</span> <span class='ocrx_word' id='word_1_129' title='bbox 459 1036 512 1072; x_wconf 80' lang='grc'>39.</span> <span class='ocrx_word' id='word_1_130' title='bbox 543 1036 578 1069; x_wconf 84' lang='lat' dir='ltr'>iu</span> <span class='ocrx_word' id='word_1_131' title='bbox 602 1037 770 1069; x_wconf 83' lang='lat' dir='ltr'>Joannem</span> <span class='ocrx_word' id='word_1_132' title='bbox 799 1045 933 1070; x_wconf 77' lang='lat' dir='ltr'>nostrae</span> <span class='ocrx_word' id='word_1_133' title='bbox 966 1035 1098 1077; x_wconf 73' lang='lat' dir='ltr'>linguae</span> <span class='ocrx_word' id='word_1_134' title='bbox 1123 1043 1189 1066; x_wconf 87' lang='lat' dir='ltr'>tra-</span> 
     </span>
     <span class='ocr_line' id='line_1_17' title="bbox 54 1096 1189 1140; baseline -0.002 -10"><span class='ocrx_word' id='word_1_135' title='bbox 54 1098 200 1130; x_wconf 87' lang='lat' dir='ltr'>derem.«</span> <span class='ocrx_word' id='word_1_136' title='bbox 238 1098 341 1140; x_wconf 86' lang='lat' dir='ltr'>Lege:</span> <span class='ocrx_word' id='word_1_137' title='bbox 371 1097 443 1132; x_wconf 74' lang='lat'>»3⁸2.</span> <span class='ocrx_word' id='word_1_138' title='bbox 470 1098 503 1130; x_wconf 92' lang='lat' dir='ltr'>in</span> <span class='ocrx_word' id='word_1_139' title='bbox 518 1099 732 1131; x_wconf 78' lang='lat' dir='ltr'>Joannem:t‹</span> <span class='ocrx_word' id='word_1_140' title='bbox 758 1111 827 1130; x_wconf 89' lang='lat' dir='ltr'>non</span> <span class='ocrx_word' id='word_1_141' title='bbox 851 1107 890 1130; x_wconf 90' lang='lat' dir='ltr'>ut</span> <span class='ocrx_word' id='word_1_142' title='bbox 913 1096 1031 1139; x_wconf 80' lang='lat' dir='ltr'>legisse</span> <span class='ocrx_word' id='word_1_143' title='bbox 1055 1096 1189 1129; x_wconf 80' lang='lat' dir='ltr'>videtur</span> 
     </span>
     <span class='ocr_line' id='line_1_18' title="bbox 52 1157 1186 1204; baseline -0.002 -12"><span class='ocrx_word' id='word_1_144' title='bbox 52 1159 103 1191; x_wconf 80' lang='lat' dir='ltr'>vir</span> <span class='ocrx_word' id='word_1_145' title='bbox 121 1159 288 1192; x_wconf 85' lang='lat' dir='ltr'>eruditus:</span> <span class='ocrx_word' id='word_1_146' title='bbox 317 1158 471 1201; x_wconf 77' lang='lat' dir='ltr'>»triginta</span> <span class='ocrx_word' id='word_1_147' title='bbox 495 1169 671 1204; x_wconf 79' lang='lat' dir='ltr'>quatuor.«</span> <span class='ocrx_word' id='word_1_148' title='bbox 709 1159 834 1193; x_wconf 81' lang='lat' dir='ltr'>Scribit</span> <span class='ocrx_word' id='word_1_149' title='bbox 846 1158 1012 1192; x_wconf 84' lang='lat' dir='ltr'>Eusebius</span> <span class='ocrx_word' id='word_1_150' title='bbox 1037 1157 1113 1192; x_wconf 88' lang='lat' dir='ltr'>libr.</span> <span class='ocrx_word' id='word_1_151' title='bbox 1127 1158 1186 1191; x_wconf 86' lang='lat' dir='ltr'>VI.</span> 
     </span>
     <span class='ocr_line' id='line_1_19' title="bbox 52 1220 1188 1266; baseline -0.001 -12"><span class='ocrx_word' id='word_1_152' title='bbox 52 1221 181 1256; x_wconf 87' lang='lat' dir='ltr'>Histor.</span> <span class='ocrx_word' id='word_1_153' title='bbox 207 1235 277 1266; x_wconf 81' lang='lat' dir='ltr'>cap.</span> <span class='ocrx_word' id='word_1_154' title='bbox 303 1221 376 1262; x_wconf 72' lang='lat'>24.‚</span> <span class='ocrx_word' id='word_1_155' title='bbox 409 1234 447 1254; x_wconf 82' lang='lat' dir='ltr'>ex</span> <span class='ocrx_word' id='word_1_156' title='bbox 472 1221 627 1254; x_wconf 79' lang='lat' dir='ltr'>universa</span> <span class='ocrx_word' id='word_1_157' title='bbox 651 1222 712 1254; x_wconf 82' lang='lat' dir='ltr'>hac</span> <span class='ocrx_word' id='word_1_158' title='bbox 738 1220 1071 1255; x_wconf 77' lang='lat' dir='ltr'>Commentariorum</span> <span class='ocrx_word' id='word_1_159' title='bbox 1094 1220 1188 1253; x_wconf 86' lang='lat' dir='ltr'>mole</span> 
     </span>
     <span class='ocr_line' id='line_1_20' title="bbox 52 1281 1189 1325; baseline 0 -10"><span class='ocrx_word' id='word_1_160' title='bbox 52 1283 137 1315; x_wconf 89' lang='lat' dir='ltr'>duos</span> <span class='ocrx_word' id='word_1_161' title='bbox 169 1292 202 1316; x_wconf 85' lang='lat' dir='ltr'>et</span> <span class='ocrx_word' id='word_1_162' title='bbox 225 1283 343 1325; x_wconf 81' lang='lat' dir='ltr'>viginti</span> <span class='ocrx_word' id='word_1_163' title='bbox 377 1284 535 1317; x_wconf 76' lang='lat' dir='ltr'>duntaxat</span> <span class='ocrx_word' id='word_1_164' title='bbox 566 1283 672 1317; x_wconf 88' lang='lat' dir='ltr'>libros</span> <span class='ocrx_word' id='word_1_165' title='bbox 704 1296 764 1316; x_wconf 88' lang='lat' dir='ltr'>suo</span> <span class='ocrx_word' id='word_1_166' title='bbox 790 1297 874 1316; x_wconf 80' lang='lat' dir='ltr'>aevo</span> <span class='ocrx_word' id='word_1_167' title='bbox 906 1282 1078 1316; x_wconf 76' lang='lat' dir='ltr'>exstitisse.</span> <span class='ocrx_word' id='word_1_168' title='bbox 1127 1281 1189 1315; x_wconf 82' lang='lat' dir='ltr'>His</span> 
     </span>
     <span class='ocr_line' id='line_1_21' title="bbox 51 1345 1189 1391; baseline 0.001 -14"><span class='ocrx_word' id='word_1_169' title='bbox 51 1357 132 1378; x_wconf 77' lang='lat' dir='ltr'>vero</span> <span class='ocrx_word' id='word_1_170' title='bbox 164 1345 375 1390; x_wconf 81' lang='lat' dir='ltr'>temporibus</span> <span class='ocrx_word' id='word_1_171' title='bbox 406 1345 459 1378; x_wconf 74' lang='lat' dir='ltr'>vix</span> <span class='ocrx_word' id='word_1_172' title='bbox 491 1354 670 1391; x_wconf 86' lang='lat' dir='ltr'>supersunt</span> <span class='ocrx_word' id='word_1_173' title='bbox 701 1359 835 1379; x_wconf 87' lang='lat' dir='ltr'>novem.</span> <span class='ocrx_word' id='word_1_174' title='bbox 883 1346 981 1379; x_wconf 85' lang='lat' dir='ltr'>Duae</span> <span class='ocrx_word' id='word_1_175' title='bbox 1015 1354 1189 1390; x_wconf 78' lang='lat' dir='ltr'>praeterea</span> 
     </span>
     <span class='ocr_line' id='line_1_22' title="bbox 51 1405 1190 1454; baseline 0.002 -16"><span class='ocrx_word' id='word_1_176' title='bbox 51 1405 85 1439; x_wconf 84' lang='lat' dir='ltr'>in</span> <span class='ocrx_word' id='word_1_177' title='bbox 109 1407 277 1441; x_wconf 81' lang='lat' dir='ltr'>Joannem</span> <span class='ocrx_word' id='word_1_178' title='bbox 300 1407 516 1454; x_wconf 82' lang='lat' dir='ltr'>reperiuntur</span> <span class='ocrx_word' id='word_1_179' title='bbox 540 1407 710 1441; x_wconf 79' lang='lat' dir='ltr'>Homiliae</span> <span class='ocrx_word' id='word_1_180' title='bbox 735 1408 824 1442; x_wconf 83' lang='lat' dir='ltr'>inter</span> <span class='ocrx_word' id='word_1_181' title='bbox 849 1421 919 1448; x_wconf 74' lang='lat' dir='ltr'>eas,</span> <span class='ocrx_word' id='word_1_182' title='bbox 946 1420 1029 1453; x_wconf 81' lang='lat' dir='ltr'>quae</span> <span class='ocrx_word' id='word_1_183' title='bbox 1061 1407 1113 1440; x_wconf 84' lang='lat' dir='ltr'>»in</span> <span class='ocrx_word' id='word_1_184' title='bbox 1141 1408 1190 1440; x_wconf 89' lang='lat' dir='ltr'>di-</span> 
     </span>
     <span class='ocr_line' id='line_1_23' title="bbox 52 1469 1188 1516; baseline 0.002 -15"><span class='ocrx_word' id='word_1_185' title='bbox 52 1482 192 1502; x_wconf 80' lang='lat' dir='ltr'>versos«</span> <span class='ocrx_word' id='word_1_186' title='bbox 229 1469 473 1512; x_wconf 77' lang='lat' dir='ltr'>inscribunturz,</span> <span class='ocrx_word' id='word_1_187' title='bbox 509 1471 568 1503; x_wconf 86' lang='lat' dir='ltr'>sed</span> <span class='ocrx_word' id='word_1_188' title='bbox 603 1470 762 1516; x_wconf 78' lang='lat' dir='ltr'>quoniam</span> <span class='ocrx_word' id='word_1_189' title='bbox 796 1471 838 1503; x_wconf 85' lang='lat' dir='ltr'>de</span> <span class='ocrx_word' id='word_1_190' title='bbox 869 1471 1016 1515; x_wconf 85' lang='lat' dir='ltr'>ipsarum</span> <span class='ocrx_word' id='word_1_191' title='bbox 1050 1480 1188 1503; x_wconf 79' lang='lat' dir='ltr'>auctore</span> 
     </span>
     <span class='ocr_line' id='line_1_24' title="bbox 49 1533 1185 1578; baseline 0 -13"><span class='ocrx_word' id='word_1_192' title='bbox 49 1545 118 1565; x_wconf 88' lang='lat' dir='ltr'>non</span> <span class='ocrx_word' id='word_1_193' title='bbox 144 1541 291 1573; x_wconf 80' lang='lat' dir='ltr'>constat,</span> <span class='ocrx_word' id='word_1_194' title='bbox 325 1534 366 1566; x_wconf 89' lang='lat' dir='ltr'>de</span> <span class='ocrx_word' id='word_1_195' title='bbox 397 1533 478 1578; x_wconf 84' lang='lat' dir='ltr'>ipsis</span> <span class='ocrx_word' id='word_1_196' title='bbox 509 1533 588 1566; x_wconf 77' lang='lat' dir='ltr'>alias</span> <span class='ocrx_word' id='word_1_197' title='bbox 615 1533 848 1578; x_wconf 81' lang='lat' dir='ltr'>quaestionem</span> <span class='ocrx_word' id='word_1_198' title='bbox 874 1533 1083 1566; x_wconf 81' lang='lat' dir='ltr'>habebimus.</span> <span class='ocrx_word' id='word_1_199' title='bbox 1132 1533 1185 1566; x_wconf 80' lang='lat' dir='ltr'>De</span> 
     </span>
     <span class='ocr_line' id='line_1_25' title="bbox 48 1594 1188 1641; baseline 0.003 -15"><span class='ocrx_word' id='word_1_200' title='bbox 48 1594 327 1639; x_wconf 80' lang='lat' dir='ltr'>Expositionibus</span> <span class='ocrx_word' id='word_1_201' title='bbox 364 1595 396 1627; x_wconf 83' lang='lat' dir='ltr'>in</span> <span class='ocrx_word' id='word_1_202' title='bbox 430 1596 513 1628; x_wconf 77' lang='lat' dir='ltr'>Acta</span> <span class='ocrx_word' id='word_1_203' title='bbox 544 1597 793 1640; x_wconf 77' lang='lat' dir='ltr'>Apostolorum</span> <span class='ocrx_word' id='word_1_204' title='bbox 831 1610 932 1629; x_wconf 84' lang='lat' dir='ltr'>unum</span> <span class='ocrx_word' id='word_1_205' title='bbox 972 1596 1058 1628; x_wconf 84' lang='lat' dir='ltr'>illud</span> <span class='ocrx_word' id='word_1_206' title='bbox 1095 1598 1188 1641; x_wconf 80' lang='lat' dir='ltr'>quod</span> 
     </span>
     <span class='ocr_line' id='line_1_26' title="bbox 49 1657 1184 1703; baseline 0.002 -14"><span class='ocrx_word' id='word_1_207' title='bbox 49 1657 192 1691; x_wconf 78' lang='lat' dir='ltr'>scribam</span> <span class='ocrx_word' id='word_1_208' title='bbox 217 1659 336 1698; x_wconf 73' lang='lat' dir='ltr'>habeo,</span> <span class='ocrx_word' id='word_1_209' title='bbox 361 1658 494 1703; x_wconf 76' lang='lat' dir='ltr'>aliquot</span> <span class='ocrx_word' id='word_1_210' title='bbox 508 1658 674 1691; x_wconf 74' lang='lat' dir='ltr'>llousilias</span> <span class='ocrx_word' id='word_1_211' title='bbox 702 1658 736 1690; x_wconf 82' lang='lat' dir='ltr'>in</span> <span class='ocrx_word' id='word_1_212' title='bbox 761 1658 818 1692; x_wconf 72' lang='lat' dir='ltr'>illa</span> <span class='ocrx_word' id='word_1_213' title='bbox 842 1659 945 1692; x_wconf 77' lang='lat' dir='ltr'>fuisse</span> <span class='ocrx_word' id='word_1_214' title='bbox 971 1660 1010 1691; x_wconf 82' lang='lat' dir='ltr'>nb</span> <span class='ocrx_word' id='word_1_215' title='bbox 1037 1659 1184 1701; x_wconf 67' lang='lat' dir='ltr'>Origene,-</span> 
     </span>
     <span class='ocr_line' id='line_1_27' title="bbox 51 1720 1187 1766; baseline 0.003 -15"><span class='ocrx_word' id='word_1_216' title='bbox 51 1720 259 1753; x_wconf 80' lang='lat' dir='ltr'>lucubratas:</span> <span class='ocrx_word' id='word_1_217' title='bbox 285 1731 386 1766; x_wconf 82' lang='lat' dir='ltr'>caput</span> <span class='ocrx_word' id='word_1_218' title='bbox 409 1721 436 1753; x_wconf 79' lang='lat' dir='ltr'>si</span> <span class='ocrx_word' id='word_1_219' title='bbox 462 1721 599 1766; x_wconf 78' lang='lat' dir='ltr'>quidem</span> <span class='ocrx_word' id='word_1_220' title='bbox 620 1721 827 1754; x_wconf 72' lang='lat' dir='ltr'>Pluilocaliau</span> <span class='ocrx_word' id='word_1_221' title='bbox 851 1721 1033 1766; x_wconf 78' lang='lat' dir='ltr'>septimum</span> <span class='ocrx_word' id='word_1_222' title='bbox 1060 1721 1187 1754; x_wconf 73' lang='lat' dir='ltr'>claudit</span> 
     </span>
    </p>
   </div>
   <div class='ocr_carea' id='block_1_3' title="bbox 53 1783 1149 1829">
    <p class='ocr_par' dir='ltr' id='par_1_3' title="bbox 53 1783 1149 1829">
     <span class='ocr_line' id='line_1_28' title="bbox 53 1783 1149 1829; baseline 0.001 -14"><span class='ocrx_word' id='word_1_223' title='bbox 53 1783 207 1825; x_wconf 78' lang='lat' dir='ltr'>exiguum</span> <span class='ocrx_word' id='word_1_224' title='bbox 232 1785 456 1826; x_wconf 81' lang='lat' dir='ltr'>fragmentum</span> <span class='ocrx_word' id='word_1_225' title='bbox 482 1798 498 1816; x_wconf 83' lang='lat' dir='ltr'>e</span> <span class='ocrx_word' id='word_1_226' title='bbox 524 1794 640 1829; x_wconf 73' lang='lat' dir='ltr'>quarta</span> <span class='ocrx_word' id='word_1_227' title='bbox 664 1784 817 1817; x_wconf 72' lang='lat' dir='ltr'>Humilia</span> <span class='ocrx_word' id='word_1_228' title='bbox 842 1785 875 1818; x_wconf 86' lang='lat' dir='ltr'>iu</span> <span class='ocrx_word' id='word_1_229' title='bbox 899 1785 987 1817; x_wconf 85' lang='lat' dir='ltr'>hunc</span> <span class='ocrx_word' id='word_1_230' title='bbox 1013 1783 1149 1816; x_wconf 88' lang='lat' dir='ltr'>librum.</span> 
     </span>
    </p>
   </div>
   <div class='ocr_carea' id='block_1_4' title="bbox 49 1846 163 1850">
    <p class='ocr_par' dir='ltr' id='par_1_4' title="bbox 49 1846 163 1850">
     <span class='ocr_line' id='line_1_29' title="bbox 49 1846 163 1850; baseline 0 0"><span class='ocrx_word' id='word_1_231' title='bbox 49 1846 163 1850; x_wconf 95' lang='lat' dir='ltr'> </span> 
     </span>
    </p>
   </div>
   <div class='ocr_carea' id='block_1_5' title="bbox 49 1873 1187 2323">
    <p class='ocr_par' dir='ltr' id='par_1_5' title="bbox 49 1873 1187 2323">
     <span class='ocr_line' id='line_1_30' title="bbox 50 1873 1187 1920; baseline 0.001 -14"><span class='ocrx_word' id='word_1_232' title='bbox 50 1882 105 1906; x_wconf 84' lang='lat' dir='ltr'>tur</span> <span class='ocrx_word' id='word_1_233' title='bbox 128 1873 162 1907; x_wconf 86' lang='lat' dir='ltr'>in</span> <span class='ocrx_word' id='word_1_234' title='bbox 188 1887 311 1908; x_wconf 88' lang='lat' dir='ltr'>novem</span> <span class='ocrx_word' id='word_1_235' title='bbox 337 1873 473 1915; x_wconf 90' lang='lat' dir='ltr'>Tomis,</span> <span class='ocrx_word' id='word_1_236' title='bbox 497 1876 555 1920; x_wconf 87' lang='lat' dir='ltr'>qui</span> <span class='ocrx_word' id='word_1_237' title='bbox 581 1875 772 1908; x_wconf 80' lang='lat' dir='ltr'>etiamnunc</span> <span class='ocrx_word' id='word_1_238' title='bbox 798 1885 923 1908; x_wconf 81' lang='lat' dir='ltr'>exstant</span> <span class='ocrx_word' id='word_1_239' title='bbox 948 1876 983 1909; x_wconf 88' lang='lat' dir='ltr'>in</span> <span class='ocrx_word' id='word_1_240' title='bbox 1007 1876 1187 1915; x_wconf 81' lang='lat' dir='ltr'>Joannem,</span> 
     </span>
     <span class='ocr_line' id='line_1_31' title="bbox 52 1920 1187 1964; baseline 0.002 -13"><span class='ocrx_word' id='word_1_241' title='bbox 52 1928 151 1964; x_wconf 77' lang='lat' dir='ltr'>atque</span> <span class='ocrx_word' id='word_1_242' title='bbox 175 1933 214 1953; x_wconf 84' lang='lat' dir='ltr'>ex</span> <span class='ocrx_word' id='word_1_243' title='bbox 240 1920 348 1953; x_wconf 86' lang='lat' dir='ltr'>verbis</span> <span class='ocrx_word' id='word_1_244' title='bbox 374 1921 480 1954; x_wconf 87' lang='lat' dir='ltr'>modo</span> <span class='ocrx_word' id='word_1_245' title='bbox 506 1921 625 1961; x_wconf 80' lang='lat' dir='ltr'>citatis,</span> <span class='ocrx_word' id='word_1_246' title='bbox 652 1931 685 1954; x_wconf 89' lang='lat' dir='ltr'>et</span> <span class='ocrx_word' id='word_1_247' title='bbox 709 1921 806 1961; x_wconf 84' lang='lat' dir='ltr'>loco,</span> <span class='ocrx_word' id='word_1_248' title='bbox 831 1921 890 1954; x_wconf 86' lang='lat' dir='ltr'>ubi</span> <span class='ocrx_word' id='word_1_249' title='bbox 916 1935 952 1954; x_wconf 83' lang='lat' dir='ltr'>ea</span> <span class='ocrx_word' id='word_1_250' title='bbox 977 1920 1076 1955; x_wconf 74' lang='lat' dir='ltr'>citata</span> <span class='ocrx_word' id='word_1_251' title='bbox 1100 1931 1187 1960; x_wconf 82' lang='lat' dir='ltr'>suut,</span> 
     </span>
     <span class='ocr_line' id='line_1_32' title="bbox 53 1964 1187 2012; baseline 0.002 -16"><span class='ocrx_word' id='word_1_252' title='bbox 53 1964 187 1998; x_wconf 64' lang='lat' dir='ltr'>videtur</span> <span class='ocrx_word' id='word_1_253' title='bbox 211 1965 373 2008; x_wconf 83' lang='lat' dir='ltr'>Origenes</span> <span class='ocrx_word' id='word_1_254' title='bbox 398 1979 466 1999; x_wconf 89' lang='lat' dir='ltr'>non</span> <span class='ocrx_word' id='word_1_255' title='bbox 492 1980 554 2011; x_wconf 88' lang='lat' dir='ltr'>per</span> <span class='ocrx_word' id='word_1_256' title='bbox 578 1976 801 2007; x_wconf 79' lang='lat' dir='ltr'>transennam,</span> <span class='ocrx_word' id='word_1_257' title='bbox 827 1968 885 2000; x_wconf 83' lang='lat' dir='ltr'>sed</span> <span class='ocrx_word' id='word_1_258' title='bbox 911 1981 948 2001; x_wconf 83' lang='lat' dir='ltr'>ex</span> <span class='ocrx_word' id='word_1_259' title='bbox 973 1968 1127 2012; x_wconf 77' lang='lat' dir='ltr'>professo</span> <span class='ocrx_word' id='word_1_260' title='bbox 1155 1976 1187 1998; x_wconf 78' lang='lat' dir='ltr'>et</span> 
     </span>
     <span class='ocr_line' id='line_1_33' title="bbox 52 2011 1186 2046; baseline 0.001 -4"><span class='ocrx_word' id='word_1_261' title='bbox 52 2022 113 2042; x_wconf 91' lang='lat' dir='ltr'>suo</span> <span class='ocrx_word' id='word_1_262' title='bbox 152 2011 231 2044; x_wconf 86' lang='lat' dir='ltr'>loco</span> <span class='ocrx_word' id='word_1_263' title='bbox 268 2020 425 2045; x_wconf 80' lang='lat' dir='ltr'>tractasse</span> <span class='ocrx_word' id='word_1_264' title='bbox 463 2012 504 2044; x_wconf 88' lang='lat' dir='ltr'>de</span> <span class='ocrx_word' id='word_1_265' title='bbox 542 2013 674 2045; x_wconf 88' lang='lat' dir='ltr'>duobus</span> <span class='ocrx_word' id='word_1_266' title='bbox 706 2013 906 2046; x_wconf 84' lang='lat' dir='ltr'>latronibus.</span> <span class='ocrx_word' id='word_1_267' title='bbox 959 2013 1070 2046; x_wconf 88' lang='lat' dir='ltr'>Porro</span> <span class='ocrx_word' id='word_1_268' title='bbox 1110 2025 1186 2044; x_wconf 89' lang='lat' dir='ltr'>cum</span> 
     </span>
     <span class='ocr_line' id='line_1_34' title="bbox 51 2054 1186 2103; baseline 0.002 -17"><span class='ocrx_word' id='word_1_269' title='bbox 51 2054 181 2088; x_wconf 82' lang='lat' dir='ltr'>Tomus</span> <span class='ocrx_word' id='word_1_270' title='bbox 204 2056 350 2091; x_wconf 86' lang='lat' dir='ltr'>XXXII.</span> <span class='ocrx_word' id='word_1_271' title='bbox 383 2057 513 2090; x_wconf 79' lang='lat' dir='ltr'>desinat</span> <span class='ocrx_word' id='word_1_272' title='bbox 544 2058 587 2091; x_wconf 83' lang='lat' dir='ltr'>ad</span> <span class='ocrx_word' id='word_1_273' title='bbox 619 2071 690 2103; x_wconf 83' lang='lat' dir='ltr'><strong>cap.</strong></span> <span class='ocrx_word' id='word_1_274' title='bbox 715 2059 812 2091; x_wconf 85' lang='lat' dir='ltr'>XIII.</span> <span class='ocrx_word' id='word_1_275' title='bbox 838 2072 920 2091; x_wconf 81' lang='lat' dir='ltr'>vers.</span> <span class='ocrx_word' id='word_1_276' title='bbox 945 2058 999 2094; x_wconf 88' lang='grc'>33.</span> <span class='ocrx_word' id='word_1_277' title='bbox 1024 2057 1186 2098; x_wconf 85' lang='lat' dir='ltr'>evangelii</span> 
     </span>
     <span class='ocr_line' id='line_1_35' title="bbox 50 2100 1185 2148; baseline 0.002 -17"><span class='ocrx_word' id='word_1_278' title='bbox 50 2100 207 2144; x_wconf 64' lang='lat' dir='ltr'>Jonnnss,</span> <span class='ocrx_word' id='word_1_279' title='bbox 242 2111 281 2134; x_wconf 91' lang='lat' dir='ltr'>ut</span> <span class='ocrx_word' id='word_1_280' title='bbox 311 2102 377 2148; x_wconf 82' lang='lat' dir='ltr'>jam</span> <span class='ocrx_word' id='word_1_281' title='bbox 408 2103 572 2143; x_wconf 83' lang='lat' dir='ltr'>diximus,</span> <span class='ocrx_word' id='word_1_282' title='bbox 607 2113 720 2146; x_wconf 79' lang='lat' dir='ltr'>agatur</span> <span class='ocrx_word' id='word_1_283' title='bbox 746 2116 825 2136; x_wconf 88' lang='lat' dir='ltr'>vero</span> <span class='ocrx_word' id='word_1_284' title='bbox 858 2105 900 2137; x_wconf 89' lang='lat' dir='ltr'>de</span> <span class='ocrx_word' id='word_1_285' title='bbox 933 2103 1119 2137; x_wconf 80' lang='lat' dir='ltr'>latronibus</span> <span class='ocrx_word' id='word_1_286' title='bbox 1152 2102 1185 2133; x_wconf 89' lang='lat' dir='ltr'>iu</span> 
     </span>
     <span class='ocr_line' id='line_1_36' title="bbox 52 2145 1184 2194; baseline 0.002 -17"><span class='ocrx_word' id='word_1_287' title='bbox 52 2157 124 2188; x_wconf 77' lang='lat' dir='ltr'>cap.</span> <span class='ocrx_word' id='word_1_288' title='bbox 157 2145 252 2179; x_wconf 81' lang='lat' dir='ltr'>XIX.</span> <span class='ocrx_word' id='word_1_289' title='bbox 291 2160 374 2181; x_wconf 78' lang='lat' dir='ltr'>vers.</span> <span class='ocrx_word' id='word_1_290' title='bbox 410 2148 462 2183; x_wconf 81' lang='grc'>18.</span> <span class='ocrx_word' id='word_1_291' title='bbox 504 2148 653 2193; x_wconf 76' lang='lat' dir='ltr'>ejusdem</span> <span class='ocrx_word' id='word_1_292' title='bbox 702 2149 883 2191; x_wconf 79' lang='lat' dir='ltr'>evangelii,</span> <span class='ocrx_word' id='word_1_293' title='bbox 930 2150 1044 2194; x_wconf 84' lang='lat' dir='ltr'>plures</span> <span class='ocrx_word' id='word_1_294' title='bbox 1085 2160 1184 2191; x_wconf 77' lang='lat' dir='ltr'>quam</span> 
     </span>
     <span class='ocr_line' id='line_1_37' title="bbox 50 2190 1183 2232; baseline 0.001 -9"><span class='ocrx_word' id='word_1_295' title='bbox 50 2190 197 2227; x_wconf 81' lang='lat' dir='ltr'>XXXH.</span> <span class='ocrx_word' id='word_1_296' title='bbox 222 2191 351 2224; x_wconf 86' lang='lat' dir='ltr'>Tomos</span> <span class='ocrx_word' id='word_1_297' title='bbox 382 2193 416 2226; x_wconf 86' lang='lat' dir='ltr'>in</span> <span class='ocrx_word' id='word_1_298' title='bbox 439 2195 605 2227; x_wconf 81' lang='lat' dir='ltr'>Joannem</span> <span class='ocrx_word' id='word_1_299' title='bbox 637 2195 824 2228; x_wconf 79' lang='lat' dir='ltr'>elaborasse</span> <span class='ocrx_word' id='word_1_300' title='bbox 850 2196 984 2228; x_wconf 88' lang='lat' dir='ltr'>videtur</span> <span class='ocrx_word' id='word_1_301' title='bbox 1009 2193 1183 2232; x_wconf 76' lang='lat' dir='ltr'>Origenes,</span> 
     </span>
     <span class='ocr_line' id='line_1_38' title="bbox 49 2235 1182 2286; baseline 0.005 -19"><span class='ocrx_word' id='word_1_302' title='bbox 49 2248 89 2268; x_wconf 78' lang='lat' dir='ltr'>ae</span> <span class='ocrx_word' id='word_1_303' title='bbox 112 2235 257 2280; x_wconf 85' lang='lat' dir='ltr'>proinde</span> <span class='ocrx_word' id='word_1_304' title='bbox 282 2238 422 2279; x_wconf 83' lang='lat' dir='ltr'>genuina</span> <span class='ocrx_word' id='word_1_305' title='bbox 445 2239 578 2272; x_wconf 81' lang='lat' dir='ltr'>videtur</span> <span class='ocrx_word' id='word_1_306' title='bbox 593 2239 794 2286; x_wconf 82' lang='lat' dir='ltr'>Hieronymi</span> <span class='ocrx_word' id='word_1_307' title='bbox 813 2242 926 2281; x_wconf 86' lang='lat' dir='ltr'>lectio,</span> <span class='ocrx_word' id='word_1_308' title='bbox 951 2251 1036 2286; x_wconf 72' lang='lat' dir='ltr'>quae</span> <span class='ocrx_word' id='word_1_309' title='bbox 1054 2237 1182 2273; x_wconf 80' lang='lat' dir='ltr'>Tomos</span> 
     </span>
     <span class='ocr_line' id='line_1_39' title="bbox 51 2281 830 2323; baseline 0.006 -5"><span class='ocrx_word' id='word_1_310' title='bbox 51 2281 212 2318; x_wconf 66' lang='lat' dir='ltr'>XXXIX.</span> <span class='ocrx_word' id='word_1_311' title='bbox 238 2281 271 2317; x_wconf 78' lang='lat' dir='ltr'>in</span> <span class='ocrx_word' id='word_1_312' title='bbox 297 2282 462 2321; x_wconf 78' lang='lat' dir='ltr'>Jonuncm</span> <span class='ocrx_word' id='word_1_313' title='bbox 488 2295 741 2323; x_wconf 72' lang='lat' dir='ltr'>commemorat.</span> <span class='ocrx_word' id='word_1_314' title='bbox 791 2286 830 2323; x_wconf 83' lang='grc' dir='ltr'>Ρι.</span> 
     </span>
    </p>
   </div>
  </div>
 </body>
</html>
