1422 2472
401 80 709 114 Omcnmmonum
735 81 848 114 Lmen
873 79 935 113 111.
1170 79 1232 114 181

102 178 229 202 sextum
256 169 403 202 Tomum
431 170 711 215 Polyglottorum
731 170 926 203 Bibliorum
951 180 1012 201 suo
1038 168 1117 200 loco
1143 176 1233 200 retu-

103 231 142 263 lit
165 231 368 265 Waltonus.
422 232 667 265 Desiderantur
699 232 836 277 quidem
868 230 1035 265 Hebraica
1063 228 1230 262 Hebraice

100 292 242 336 scripta3
265 293 378 337 priore
406 306 485 326 vcro
511 294 590 326 loco
626 293 688 326 sita
711 303 788 326 sunt
809 292 976 326 Hebraica
999 289 1139 324 Graecis
1163 290 1232 323 ele-

100 353 220 386 mentis
246 363 429 398 concepta;
454 355 607 399 proxime
638 356 752 388 subest
776 355 825 387 his
861 353 1000 398 Aquila;
1031 351 1109 385 huic
1134 352 1231 398 Sym-

99 413 255 455 machus;
288 428 387 459 quem
412 415 583 460 excipiunt
608 417 729 458 LXX.;
767 416 922 449 ultimam
949 415 1142 447 columnam
1166 413 1230 446 sibi

99 475 246 508 vindicat
269 475 498 510 Theodotion.

187 536 245 570 Ill.
291 537 536 582 Disquisitione
561 538 697 581 dignum
723 548 790 579 est,
814 537 934 582 ecquid
965 536 999 569 in
1031 537 1231 580 interpreta-

99 598 232 631 tionum
259 598 479 643 dispositione
513 599 746 633 Theodotioni
776 598 958 643 antiquiori
989 597 1229 644 Symmachum

94 660 318 693 recentiorem
351 661 514 703 Origenes
544 659 784 705 anteposuerit.
836 659 952 693 Facile
985 659 1073 690 hunc
1096 658 1227 690 nodum

95 721 225 754 solvere
256 735 291 754 se
323 735 421 766 posse
452 731 600 767 putasset
630 721 859 767 Epiphanius,
896 721 952 766 qui
982 719 1223 753 Theodotione

94 782 312 815 vetustiorem
337 774 438 816 fuisse
462 783 699 830 Symmachum
726 783 880 828 opinatus
906 792 954 815 est
971 782 1047 816 libr.
1072 782 1114 814 de
1138 794 1224 826 pon-

94 844 163 876 der.
190 857 262 889 cap.
288 843 340 879 16.
366 844 418 878 17.
466 845 584 889 Itaque
617 846 804 878 collocatos
834 844 936 877 fuisse
965 853 1032 877 tres
1066 843 1146 876 illos
1171 855 1225 875 re-

92 906 293 951 spondisset,
313 904 403 951 juxta
428 906 582 939 ordinem
606 919 683 940 suae
707 906 831 940 aetatis.
876 906 948 948 Ego
965 906 996 951 ¹)
1021 918 1102 938 vero
1127 917 1145 937 a
1168 916 1222 936 re-

93 978 190 1012 cepta
218 967 377 1012 opinione
409 967 581 1000 discedere
605 982 674 1001 non
698 982 855 1013 possum,
886 980 970 1013 quae
993 966 1145 1012 priorem
1169 977 1224 997 ae-

91 1039 159 1062 tate
182 1029 281 1074 ponit
304 1029 591 1069 Theodotionem,
616 1043 715 1074 quam
732 1029 984 1077 Symmachum.
1031 1029 1116 1062 Nam
1141 1026 1224 1071 quid

94 1090 225 1135 opponi
249 1099 361 1134 potest
384 1090 433 1122 his
458 1090 658 1136 Hieronymi
682 1091 829 1123 Praefat.
860 1090 895 1122 in
918 1089 1076 1131 Evangel.
1125 1089 1222 1120 »Non

93 1164 239 1197 quaero,
275 1151 358 1196 quid
391 1152 532 1196 Aquila,
570 1152 652 1196 quid
684 1152 903 1198 Symmachus
934 1150 1083 1195 sapiant,
1121 1161 1223 1194 quare

93 1213 313 1247 Theodotion
337 1213 425 1246 inter
448 1226 556 1246 novos
582 1223 615 1245 et
638 1223 767 1246 veteres
790 1213 921 1246 medius
944 1211 1102 1245 incedat?
1137 1209 1223 1253 Qui-

91 1277 152 1308 bus
176 1288 244 1308 non
267 1284 493 1319 temperatum
518 1275 677 1308 duntaxat
705 1275 951 1320 interpretandi
972 1286 1092 1316 genus,
1129 1272 1222 1317 quod

91 1337 198 1370 tenuit
221 1335 461 1375 Theodotion‚
494 1337 552 1369 sed
583 1337 694 1369 media
725 1337 824 1369 etiam
855 1336 925 1383 ejus
948 1345 1037 1368 aetas
1061 1333 1219 1379 Aquilam

91 1399 178 1432 inter
216 1408 250 1431 et
286 1397 524 1445 Symmachum
559 1398 736 1440 significari
771 1399 914 1431 videtur.
970 1396 1111 1439 Origeni
1142 1407 1220 1437 ergo

91 1460 183 1493 aliud
207 1459 308 1492 fuisse
341 1472 473 1492 caussae
507 1469 612 1504 puto,
653 1473 712 1492 cur
743 1459 790 1492 ita
821 1459 1116 1504 interpretationes
1146 1456 1220 1489 illas

91 1522 266 1564 digereret.
313 1522 366 1554 Ad
397 1520 562 1553 Hebraica
591 1521 733 1554 maxime
762 1522 943 1554 accedebat
968 1519 1107 1564 Aquila,
1133 1519 1221 1550 huuc

90 1583 157 1616 illis
180 1583 259 1615 ideo
292 1582 445 1627 proxime
477 1581 637 1627 adjunxit.
693 1583 790 1627 Ab2)
821 1582 941 1615 iisdem
972 1582 1049 1626 plus
1079 1579 1218 1625 reliquis

185 1694 215 1738 ¹)
240 1694 329 1727 Vide
352 1695 398 1729 D.
430 1694 640 1727 Bernardurn
672 1695 714 1727 de
746 1695 970 1727 Montfaucon
1005 1692 1162 1726 Praelim.
1186 1690 1220 1723 in

91 1749 232 1794 Hexapl.
258 1762 330 1794 cap.
353 1750 383 1784 5.
408 1763 497 1784 num.
523 1751 552 1785 1.
580 1760 611 1783 et
633 1764 714 1795 seq.‚
738 1750 797 1782 ubi
815 1749 998 1795 Epiphanii
1021 1748 1139 1798 opinio
1165 1749 1219 1780 fu*

92 1805 159 1838 sius
174 1805 354 1846 refellitur,
378 1805 560 1850 Huetiique
574 1806 738 1839 sententia
752 1807 906 1851 pluribus
925 1805 1158 1840 confirmatur.
1176 1805 1216 1837 R.

181 1863 217 1906 ²)
244 1862 350 1894 Aliter
374 1861 481 1894 visum
507 1871 556 1894 est
579 1863 619 1894 R.
644 1863 682 1897 P.
706 1863 750 1897 D.
773 1862 946 1895 Bernardo
980 1863 1021 1895 de
1047 1862 1219 1895 Montfau-

94 1929 156 1949 con
180 1917 214 1949 in
230 1917 526 1950 praeliminaribus
544 1918 586 1950 ad
599 1918 740 1963 Hexapl.
765 1932 838 1964 pag.
853 1919 918 1961 14„
940 1917 1000 1950 ubi
1023 1917 1086 1950 ait:
1114 1917 1217 1950 »Ideo

94 1972 233 2016 Aquilae
257 1973 404 2018 primum
423 1974 536 2006 locum
554 1975 739 2018 deputavit,
764 1975 902 2020 ejusque
919 1974 1102 2007 editionem
1125 1973 1220 2017 prio-

94 2040 164 2059 rem
188 2028 301 2072 posuit
325 2029 508 2071 Origenes,
544 2030 621 2074 quia
650 2031 709 2064 ille
742 2030 970 2076 scrupulosius
994 2042 1094 2075 quam
1119 2029 1222 2062 ceteri

95 2095 211 2115 omnes
234 2083 433 2118 Hebraicam
462 2086 679 2130 scripturam,
717 2089 856 2120 verbum
888 2100 905 2120 e
942 2088 1045 2120 verbo
1078 2086 1221 2118 reddere

60 2136 64 2139 ⁴
95 2139 277 2171 studuerat.
323 2140 405 2174 Post
434 2143 523 2174 hunc
553 2151 664 2175 autem
695 2143 933 2189 Symmachum
962 2142 1105 2182 locavit,
1145 2141 1221 2186 quia

96 2195 154 2227 illc
179 2193 335 2238 propiuS,
367 2210 465 2240 quam
495 2199 713 2242 Septuaginta
738 2208 771 2231 ct
795 2199 1009 2239 Theodotio,
1038 2199 1079 2231 ad
1104 2198 1222 2231 verita-

96 2262 164 2285 tem
198 2250 398 2285 Hebraieam
431 2254 617 2288 accedebat.
667 2254 801 2288 Deinde
833 2255 1049 2300 Septuaginta
1079 2267 1222 2300 praepo-
