1413 2482
154 78 219 115 104
487 81 599 117 parm
630 82 805 115 mamus
830 81 962 116 Rue-ru

158 185 259 216 quos,
298 171 489 217 quicunqne
521 173 555 205 in
592 186 668 205 cum
694 172 1090 218 propensioresessent:
1129 173 1299 206 »Miratus

156 247 230 267 sum
257 234 490 274 vehementer,
515 234 640 280 inquit,
673 244 751 280 post
777 234 1029 268 damnationem
1053 234 1122 280 ejus
1147 236 1189 267 ab
1214 238 1302 269 Ana-

158 295 259 330 stasio
284 296 377 341 Papa
401 296 577 341 pontificia
601 297 802 331 auctoritate
836 296 1018 336 inflictam,
1049 305 1128 341 post
1151 296 1303 343 ejusdem

157 358 437 404 reprobationem
473 357 509 390 in
542 367 632 392 sexta
665 360 796 405 synodo
831 359 1102 404 pronuntiatam,
1136 367 1217 402 post
1251 367 1305 392 tot

159 421 377 466 antiquorum
401 421 543 454 Patrum
573 421 608 454 in
639 421 675 454 id
709 421 820 466 ipsum
853 418 1084 466 conspirantes
1113 420 1306 462 sententias,

160 483 272 516 adhuc
293 482 500 517 recentiores
533 484 700 529 quosdam
731 496 830 516 ausos
863 496 934 516 esse
965 496 1029 528 pro
1056 482 1180 516 eodem
1202 493 1307 516 novas

161 545 261 578 edere
285 545 492 590 Apologias,
524 555 558 579 et
581 546 782 580 auctoritate
809 545 1004 580 Catholicae
1036 544 1197 579 eeclesiae
1220 544 1309 592 judi·

162 616 250 640 catas
282 607 415 653 saepius
446 609 692 643 controversias
730 610 842 643 denuo
875 618 1004 641 temere
1034 607 1176 651 agitare,
1215 608 1310 653 quod

162 669 253 702 visus
278 678 327 703 est
349 669 467 703 fecisse
492 670 582 705 haud
606 672 741 717 pridem
757 671 878 714 >Sinus
904 669 1094 704 Senensis.«
1143 671 1221 703 Non
1246 669 1312 704 mi-

164 732 232 764 tius
258 731 443 775 Origenem
473 733 574 767 habet
604 735 776 767 Robertus
801 732 1033 767 Bellarminus
1050 733 1082 778 ¹)
1107 731 1310 773 Cardinalis,

167 794 392 839 Origenisque
417 796 503 829 adeo
528 797 707 841 partiarios
733 804 850 829 o'mnes
876 805 909 828 et
935 795 1141 830 defensores.

254 857 395 891 Summa
417 871 497 891 sane
523 859 691 905 aequitate
718 873 795 893 cum
822 857 1024 892 Adamantio
1057 857 1125 900 egit
1149 855 1312 891 Claudius

161 919 377 964 Espencaeus
400 920 436 952 in
461 921 722 961 Commentariis
746 922 781 954 in
806 921 987 966 epistolam
1013 920 1054 954 ad
1072 919 1210 962 Titum3
1233 931 1313 952 nam

163 994 274 1026 neque
298 981 415 1015 insano
443 993 639 1018 occaecatus
665 996 780 1017 amore
807 978 993 1028 quicquam
1005 983 1047 1015 de
1063 981 1132 1014 fide
1149 980 1313 1015 historiae

165 1044 352 1089 decerpsit,
375 1058 438 1078 nec
464 1047 634 1080 erroribus
660 1047 810 1079 offensus
837 1046 954 1079 laudes
978 1044 1084 1089 ipsius
1109 1043 1312 1077 obscuravit.

163 1106 356 1140 Plurimum
389 1108 454 1153 ipsi
487 1109 607 1141 favisse
638 1109 747 1141 fertur
777 1122 815 1141 ac
839 1109 947 1140 multa
981 1107 1191 1140 condonasse
1214 1106 1315 1139 Vice-

166 1169 230 1201 lius
256 1168 290 1201 in
314 1169 402 1202 libro
430 1171 472 1203 de
497 1171 722 1215 scriptoribus
754 1169 1010 1204 ecclesiasticis:
1047 1169 1143 1214 quod
1174 1168 1315 1214 quidem

168 1244 207 1263 cx
243 1231 352 1265 aliena
382 1232 449 1265 fide
480 1233 614 1274 refero,
654 1246 731 1266 nam
764 1233 890 1266 librum
923 1231 1074 1277 reperire
1105 1243 1174 1265 non
1205 1231 1316 1276 potui.

167 1293 396 1339 Reliquorum
427 1307 508 1328 vero
541 1294 576 1328 in
610 1296 763 1329 ornando
798 1295 947 1337 Origene
978 1292 1179 1326 industriam
1210 1292 1315 1335 longo

167 1356 347 1389 intervallo
388 1357 560 1402 superavit
600 1357 775 1391 Gilbertus
817 1356 1073 1396 Gen-ebrardus,
1117 1354 1315 1397 Theologus

166 1418 377 1459 Parisiensis,
404 1428 437 1451 et
461 1417 738 1463 archiepiscopus
763 1419 885 1452 deinde
911 1417 1094 1464 Aquensis:
1118 1430 1198 1450 nam
1220 1417 1316 1462 prio-

168 1494 221 1514 res
252 1480 419 1515 editiones
451 1481 638 1522 recensuit,
676 1490 708 1514 et
739 1482 780 1515 ad
813 1490 926 1514 vetera
960 1493 1037 1513 cum
1062 1479 1212 1520 Graeca,
1241 1488 1315 1513 tum

166 1543 284 1576 Latina
308 1542 536 1577 bibliothecae
561 1542 671 1586 regiae
698 1542 901 1589 exemplaria
928 1542 1073 1576 contulit
1097 1551 1131 1575 et
1155 1543 1314 1577 emenda-

169 1606 235 1648 vit;
264 1618 386 1639 novam
421 1605 574 1639 omnium
599 1606 766 1651 Operum‘
786 1605 973 1639 editionem
1007 1604 1147 1638 molitus
1180 1615 1249 1646 est,
1279 1606 1315 1639 in

168 1681 273 1712 caque
297 1668 405 1701 multa
428 1669 582 1701 nondum
596 1668 697 1702 'edita
721 1667 932 1714 publicavit,
954 1667 1180 1700 Philocaliam
1207 1667 1241 1701 in
1266 1668 1315 1702 la-

169 1730 279 1763 tinum
325 1743 517 1763 sermonem
558 1731 747 1774 transtulit3
795 1730 1012 1765 Collectanea
1053 1729 1197 1763 editioni
1236 1743 1316 1764 suae

168 1792 333 1838 praefixit,
360 1792 392 1825 in
419 1793 540 1838 quibus
563 1794 649 1827 nihil
675 1795 744 1827 sere
770 1792 1044 1839 praetermissum
1069 1801 1127 1832 est,
1153 1793 1247 1838 quod
1272 1793 1315 1826 ad

168 1857 379 1900 purgandum
406 1855 600 1898 Origenem,
625 1866 658 1890 et
683 1856 778 1889 omni
803 1855 1048 1889 absolvendum
1072 1854 1211 1889 crimine
1236 1868 1314 1900 per-

168 1918 301 1952 tineret.
349 1918 482 1951 Ultimo
508 1918 706 1963 praesertim
732 1919 1031 1953 Collectaneorum
1057 1916 1166 1962 capite
1190 1916 1315 1951 selecta

171 1981 335 2026 quaedam
356 1980 509 2022 Origenis
529 1991 728 2026 prosecutus
754 1991 802 2015 est
828 1981 993 2024 dogmata,
1018 1980 1059 2012 ab
1088 1978 1315 2014 ecclesiastica

171 2056 289 2077 norma
314 2043 555 2088 discrepantia;
588 2043 621 2075 in
652 2044 759 2089 iisque
789 2042 937 2077 tutandis
961 2042 1014 2076 vel
1047 2041 1241 2076 excusandis
1264 2042 1315 2075 ni-

174 2105 280 2139 mium
304 2118 364 2139 suo
397 2105 430 2139 in
455 2105 638 2148 origenem
670 2107 779 2140 amori
809 2107 987 2139 obsecutus
1019 2113 1077 2138 est.
1125 2092 1315 2150 Aequiore:

176 2181 210 2201 se
235 2168 267 2202 in
292 2169 390 2201 rebus
414 2167 518 2213 ipsius
544 2169 724 2202 tractandis
749 2170 977 2215 praebuerunt
1001 2167 1169 2201 Antonius
1192 2166 1312 2201 Posse-

274 2291 305 2338 ¹)
332 2291 400 2326 cfr.
424 2292 621 2330 Bellarmin.
646 2291 679 2325 in
705 2293 780 2329 libr.
806 2294 847 2328 de
870 2292 983 2340 script.
1011 2291 1129 2328 eccles.
