1422 2472
333 81 645 116 Ome-‚nmmoaum
670 79 784 113 Lmen
807 78 869 113 111.
1107 78 1172 115 113

33 171 70 204 in
94 182 158 216 qua
181 170 261 204 huie
286 170 472 203 calumniae
497 180 585 211 tuae,
610 170 691 203 dum
715 170 825 202 adhuc
850 180 936 202 esses
960 169 994 202 in
1019 169 1173 209 Oriente,

33 233 236 278 respondet,
273 242 307 265 ct
342 231 589 277 apertissimum
628 233 843 265 mendacium
878 231 984 263 libera
1024 230 1172 264 veritatis

32 295 146 329 fronte
172 296 367 337 confutat;«
394 304 428 327 et
450 293 484 327 in
507 293 603 338 epist,
628 294 682 329 62.
710 295 752 327 ad
777 292 1019 338 Theophilum,
1045 305 1115 337 cap.
1140 292 1173 327 2.

34 359 124 395 »Sex
148 358 258 391 millia
277 356 432 400 Origenis
446 356 576 389 Tomos
600 369 668 390 non
691 364 826 401 poterat
851 354 1027 400 quisquam
1050 355 1175 397 legere,

33 433 121 466 quos
152 420 214 453 ille
249 433 319 453 non
357 418 508 464 scripsit:
550 418 750 464 faciliusque
787 417 888 451 credo
925 426 1047 450 testem
1077 417 1176 463 hujus

33 482 217 524 sermonis,
242 496 342 529 quam
365 490 539 516 auctorem
566 494 636 514 esse
659 480 872 514 mentitum.«
921 480 1029 523 Negat
1053 480 1178 514 Hiero-

34 559 154 593 nymus
178 545 298 579 dixisse
320 544 551 590 Epiphanium
575 557 632 577 sex
656 543 823 577 librorum
847 540 1004 586 Origenis
1027 543 1136 576 millia
1160 556 1179 577 a

35 621 71 642 se
96 609 202 651 lecta;
233 606 303 640 imo
328 619 409 640 vero
435 616 487 640 tot
511 608 553 640 ab
579 606 726 649 Origene
749 617 899 650 unquam
923 606 1026 639 fuisse
1053 605 1178 652 scripta

34 680 152 714 negat;
176 669 326 716 quamvis
350 668 387 703 id
409 679 524 703 tamen
548 668 781 714 percrebuisse
805 667 1016 713 Epiphanius
1041 678 1175 703 asserat.

128 732 224 776 Quid
247 731 312 766 sibi
337 731 457 765 volunt
487 731 590 775 igitur
612 731 707 765 Beda
738 731 773 763 in
798 730 887 763 libro
914 731 956 764 de
980 744 1037 764 sex
1061 731 1179 765 aetati-

34 795 96 829 bus
119 793 260 835 mundi,
285 793 361 827 Ado
386 793 599 835 Viennensis,
622 794 838 828 Hermannus
864 793 1081 836 Contractus,
1106 796 1181 829 Ma-

34 856 147 891 rianus
163 857 298 898 scotus,
324 865 357 890 et
370 857 546 892 Conradus
563 856 812 903 Urspergensis,
839 869 915 890 cum
929 857 1180 904 Hieronymum

35 920 185 966 quodam
216 918 296 953 loco
331 919 503 965 scripsisse
539 919 648 967 ajunt,
687 920 836 965 quinque
870 919 979 954 millia
1010 920 1180 954 librorum

37 980 195 1024 Origenis
219 981 321 1015 fuisse
343 981 408 1015 sibi
432 976 604 1027 perlecta?
652 981 819 1016 Martinus
844 994 924 1015 vero
949 982 1122 1025 Polonus,
1147 993 1181 1017 et

37 1043 153 1078 Guido
181 1043 364 1078 Carmelita
387 1056 443 1077 sex
467 1043 599 1077 millia?
635 1043 730 1087 Quid
754 1045 844 1089 apud
868 1044 958 1077 hunc
983 1045 1180 1079 Guidonem

36 1106 205 1147 Isidorus,
230 1105 289 1151 qui
312 1104 359 1138 sic
384 1106 581 1150 loquentem
608 1105 741 1138 inducit
765 1105 967 1148 origenem:

176 1167 352 1208 Condere,
376 1170 405 1202 si
432 1167 557 1208 credis,
582 1168 696 1200 studui
720 1176 772 1200 tot
796 1167 905 1201 millia
929 1168 1046 1210 libros,

219 1229 316 1274 Quot
339 1230 428 1272 legio
453 1229 573 1263 missos
598 1229 690 1263 ducit
715 1229 748 1262 in
773 1242 865 1263 arma
891 1229 1004 1264 viros?

38 1293 127 1326 Sane
151 1291 286 1325 videtur
307 1290 344 1324 id
367 1301 517 1325 sumtum
541 1304 580 1324 ex
605 1290 760 1336 proxime
785 1291 921 1325 laudato
947 1293 1064 1327 Rufini
1090 1293 1182 1336 loco,

38 1353 98 1400 qui
129 1366 207 1387 cum
230 1351 415 1398 Epiphanii
447 1365 573 1386 nomen
603 1365 673 1386 non
705 1353 879 1394 exhibeat,
911 1354 1011 1387 facile
1037 1369 1114 1390 eum
1139 1358 1182 1390 ad

37 1415 288 1463 Hieronymum
311 1415 502 1449 retulerunt
529 1414 715 1460 scriptores
738 1415 802 1456 illi,
828 1417 1116 1461 quemadmodum
1142 1420 1184 1452 ab

37 1478 180 1513 Erasmo
215 1478 337 1512 deinde
369 1487 402 1511 et
426 1477 649 1511 Genebrardo
682 1477 808 1511 relatus
833 1488 893 1512 est.
942 1479 1048 1523 Quod
1072 1490 1184 1514 autem

40 1539 190 1587 quinque
222 1540 389 1574 librorum
425 1539 532 1574 millia
566 1539 723 1585 plerique
757 1550 895 1582 notant,
932 1555 1007 1576 cum
1041 1557 1097 1577 sex
1127 1544 1185 1578 alii

41 1612 328 1645 commemorent,
351 1616 390 1637 ex
416 1601 606 1648 corruptis,
630 1611 669 1635 ut
692 1602 763 1635 sere
788 1603 845 1644 fit,
868 1605 1070 1638 numerandi
1093 1605 1185 1640 notis

41 1675 154 1700 ortum
187 1678 338 1700 errorem
371 1674 469 1710 puto.
517 1663 596 1698 Utri
628 1673 742 1697 autem
773 1665 1022 1700 assentiendum
1060 1668 1186 1714 potius,

41 1729 96 1762 vel
119 1728 333 1776 Hieronymo
358 1736 412 1761 tot
434 1726 578 1772 scriptos
603 1727 644 1759 ab
670 1726 819 1770 Origene
850 1728 956 1762 libros
977 1730 1187 1775 perneganti»

40 1803 83 1824 an
105 1790 299 1837 Epiphanio
333 1789 369 1824 id
393 1789 485 1833 vulgi
516 1801 673 1822 sermone
704 1789 787 1823 ferri
816 1790 995 1833 asserenti,
1028 1793 1187 1838 equidem

41 1852 167 1887 nescio.
213 1852 320 1886 Fama
356 1851 502 1898 quippe,
542 1851 650 1885 futilis
685 1861 822 1886 auctor:
864 1852 1067 1901 HieronJmi
1102 1868 1184 1889 vero

42 1912 139 1947 inane
170 1922 423 1957 argumentum3
458 1926 537 1947 nam
568 1914 721 1960 quamvis
753 1913 787 1948 in
817 1914 985 1948 indicibus
1019 1916 1187 1951 librorum

43 1973 218 2018 Origenis,
255 1989 340 2022 quos
370 1975 404 2009 in
434 1975 536 2010 tertio
571 1975 659 2010 vitae
691 1976 864 2022 Pamphili
899 1977 988 2011 libro
1020 1977 1187 2013 Eusebius

42 2045 268 2081 pertexuerat,
291 2050 362 2072 non
387 2051 443 2071 sex
467 2038 574 2079 mille,
598 2039 658 2072 sed
681 2051 724 2072 ne
749 2039 848 2073 tertia
871 2038 1012 2084 quidem
1035 2054 1112 2086 pars
1135 2054 1187 2074 re-

44 2106 142 2142 perta
172 2098 233 2139 sit,
268 2099 407 2134 minime
442 2099 520 2134 hinc
547 2100 694 2133 efficitur
724 2113 793 2134 non
825 2100 942 2145 plures
974 2103 1015 2135 ab
1041 2103 1188 2145 Origene

44 2157 253 2200 lucubratos,
277 2173 377 2206 quam
402 2171 487 2207 quot
511 2171 725 2196 recensuerat
747 2161 924 2197 Eusebius.
970 2164 1050 2196 Pars
1077 2164 1189 2208 aliqua

47 2221 114 2267 jam
138 2220 372 2264 interciderat;
404 2236 480 2267 pars
511 2224 615 2268 ipsius
648 2225 812 2266 effugerat
844 2224 1070 2266 diligentiam:
1108 2226 1189 2258 licet

50 2283 140 2316 enim
158 2283 236 2316 libr.
253 2283 310 2318 VI.
335 2282 462 2318 Histor.
483 2298 553 2329 cap.
568 2285 621 2321 32.
638 2294 831 2318 accuratum
857 2298 976 2318 eorum
1002 2286 1190 2330 catalogum

100 2344 275 2379 Omen-is
296 2343 435 2378 OPERA.
461 2345 556 2378 Toni.
576 2345 701 2378 XXIV.
969 2346 991 2382 8
