<?xml version="1.0" encoding="UTF-8"?>
<!DOCTYPE html PUBLIC "-//W3C//DTD XHTML 1.0 Transitional//EN"
    "http://www.w3.org/TR/xhtml1/DTD/xhtml1-transitional.dtd">
<html xmlns="http://www.w3.org/1999/xhtml" xml:lang="en" lang="en">
 <head>
  <title>
</title>
<meta http-equiv="Content-Type" content="text/html;charset=utf-8" />
  <meta name='ocr-system' content='tesseract 3.04.00' />
  <meta name='ocr-capabilities' content='ocr_page ocr_carea ocr_par ocr_line ocrx_word'/>
</head>
<body>
  <div class='ocr_page' id='page_1' title='image "./operaomniaquaegr24orig/operaomniaquaegr24orig_0275.png"; bbox 0 0 1422 2472; ppageno 0'>
   <div class='ocr_carea' id='block_1_1' title="bbox 394 73 1188 111">
    <p class='ocr_par' dir='ltr' id='par_1_1' title="bbox 394 73 1188 111">
     <span class='ocr_line' id='line_1_1' title="bbox 394 73 1188 111; baseline 0.001 -1"><span class='ocrx_word' id='word_1_1' title='bbox 394 74 709 110; x_wconf 63' lang='lat' dir='ltr'>oniammonum</span> <span class='ocrx_word' id='word_1_2' title='bbox 734 73 847 109; x_wconf 70' lang='lat' dir='ltr'>Lmen</span> <span class='ocrx_word' id='word_1_3' title='bbox 859 73 923 111; x_wconf 84' lang='lat'>111.</span> <span class='ocrx_word' id='word_1_4' title='bbox 1121 74 1188 111; x_wconf 81' lang='lat'>259</span> 
     </span>
    </p>
   </div>
   <div class='ocr_carea' id='block_1_2' title="bbox 46 163 1193 2228">
    <p class='ocr_par' dir='ltr' id='par_1_2' title="bbox 49 163 1193 1333">
     <span class='ocr_line' id='line_1_2' title="bbox 145 163 1188 211; baseline 0 -13"><span class='ocrx_word' id='word_1_5' title='bbox 145 163 205 198; x_wconf 84' lang='lat' dir='ltr'>XI.</span> <span class='ocrx_word' id='word_1_6' title='bbox 242 164 344 198; x_wconf 79' lang='lat' dir='ltr'>Falso</span> <span class='ocrx_word' id='word_1_7' title='bbox 380 178 516 211; x_wconf 87' lang='lat' dir='ltr'>quoque</span> <span class='ocrx_word' id='word_1_8' title='bbox 549 165 748 211; x_wconf 77' lang='lat' dir='ltr'>praescribit</span> <span class='ocrx_word' id='word_1_9' title='bbox 781 165 847 198; x_wconf 88' lang='lat' dir='ltr'>sibi</span> <span class='ocrx_word' id='word_1_10' title='bbox 877 175 1002 198; x_wconf 87' lang='lat' dir='ltr'>nomen</span> <span class='ocrx_word' id='word_1_11' title='bbox 1032 164 1188 207; x_wconf 77' lang='lat' dir='ltr'>origenis</span> 
     </span>
     <span class='ocr_line' id='line_1_3' title="bbox 56 226 1189 274; baseline 0.002 -15"><span class='ocrx_word' id='word_1_12' title='bbox 56 226 194 261; x_wconf 88' lang='lat' dir='ltr'>libellus</span> <span class='ocrx_word' id='word_1_13' title='bbox 226 228 381 273; x_wconf 78' lang='lat' dir='ltr'>quidam,</span> <span class='ocrx_word' id='word_1_14' title='bbox 420 229 477 274; x_wconf 89' lang='lat' dir='ltr'>qui</span> <span class='ocrx_word' id='word_1_15' title='bbox 508 228 795 274; x_wconf 85' lang='lat' dir='ltr'>philosophorum</span> <span class='ocrx_word' id='word_1_16' title='bbox 824 237 930 262; x_wconf 80' lang='lat' dir='ltr'>sectas</span> <span class='ocrx_word' id='word_1_17' title='bbox 961 241 999 261; x_wconf 82' lang='lat' dir='ltr'>ac</span> <span class='ocrx_word' id='word_1_18' title='bbox 1030 228 1189 270; x_wconf 76' lang='lat' dir='ltr'>dogmata</span> 
     </span>
     <span class='ocr_line' id='line_1_4' title="bbox 54 289 1188 338; baseline 0.001 -16"><span class='ocrx_word' id='word_1_19' title='bbox 54 299 221 331; x_wconf 81' lang='lat' dir='ltr'>recenset,</span> <span class='ocrx_word' id='word_1_20' title='bbox 258 300 291 324; x_wconf 90' lang='lat' dir='ltr'>et</span> <span class='ocrx_word' id='word_1_21' title='bbox 317 290 525 337; x_wconf 77' lang='grc' dir='ltr'><em>Ὠριγένους</em></span> <span class='ocrx_word' id='word_1_22' title='bbox 557 289 865 338; x_wconf 75' lang='grc' dir='ltr'><em>φιλοσοφούμενα</em></span> <span class='ocrx_word' id='word_1_23' title='bbox 895 290 983 323; x_wconf 85' lang='lat' dir='ltr'>solet</span> <span class='ocrx_word' id='word_1_24' title='bbox 1014 290 1188 336; x_wconf 78' lang='lat' dir='ltr'>appellari.</span> 
     </span>
     <span class='ocr_line' id='line_1_5' title="bbox 54 352 1190 399; baseline 0 -13"><span class='ocrx_word' id='word_1_25' title='bbox 54 352 188 386; x_wconf 84' lang='lat' dir='ltr'>Primus</span> <span class='ocrx_word' id='word_1_26' title='bbox 221 363 333 387; x_wconf 80' lang='lat' dir='ltr'>autem</span> <span class='ocrx_word' id='word_1_27' title='bbox 357 353 412 388; x_wconf 77' lang='lat' dir='ltr'>hic</span> <span class='ocrx_word' id='word_1_28' title='bbox 438 364 487 388; x_wconf 91' lang='lat' dir='ltr'>est</span> <span class='ocrx_word' id='word_1_29' title='bbox 518 353 607 388; x_wconf 88' lang='lat' dir='ltr'>liber</span> <span class='ocrx_word' id='word_1_30' title='bbox 630 353 817 397; x_wconf 75' lang='lat' dir='ltr'>grandioris</span> <span class='ocrx_word' id='word_1_31' title='bbox 842 353 974 398; x_wconf 81' lang='lat' dir='ltr'>operis,</span> <span class='ocrx_word' id='word_1_32' title='bbox 1006 366 1073 399; x_wconf 93' lang='lat' dir='ltr'>quo</span> <span class='ocrx_word' id='word_1_33' title='bbox 1101 353 1190 386; x_wconf 80' lang='lat' dir='ltr'>Hae-</span> 
     </span>
     <span class='ocr_line' id='line_1_6' title="bbox 54 416 1192 462; baseline 0 -13"><span class='ocrx_word' id='word_1_34' title='bbox 54 429 143 450; x_wconf 83' lang='lat' dir='ltr'>reses</span> <span class='ocrx_word' id='word_1_35' title='bbox 177 430 295 451; x_wconf 86' lang='lat' dir='ltr'>omncs</span> <span class='ocrx_word' id='word_1_36' title='bbox 321 417 540 451; x_wconf 74' lang='lat' dir='ltr'>confutandas</span> <span class='ocrx_word' id='word_1_37' title='bbox 574 426 693 450; x_wconf 77' lang='lat' dir='ltr'>auctor</span> <span class='ocrx_word' id='word_1_38' title='bbox 723 416 787 449; x_wconf 85' lang='lat' dir='ltr'>sibi</span> <span class='ocrx_word' id='word_1_39' title='bbox 817 426 1060 461; x_wconf 77' lang='lat' dir='ltr'>proposuerat,</span> <span class='ocrx_word' id='word_1_40' title='bbox 1098 416 1192 462; x_wconf 87' lang='lat' dir='ltr'>quod</span> 
     </span>
     <span class='ocr_line' id='line_1_7' title="bbox 55 479 1193 526; baseline 0.001 -14"><span class='ocrx_word' id='word_1_41' title='bbox 55 492 94 513; x_wconf 83' lang='lat' dir='ltr'>ex</span> <span class='ocrx_word' id='word_1_42' title='bbox 117 479 295 523; x_wconf 82' lang='lat' dir='ltr'>Dogmatis</span> <span class='ocrx_word' id='word_1_43' title='bbox 321 480 623 526; x_wconf 87' lang='lat' dir='ltr'>philosophorum,</span> <span class='ocrx_word' id='word_1_44' title='bbox 655 479 851 513; x_wconf 76' lang='lat' dir='ltr'>Haereseon</span> <span class='ocrx_word' id='word_1_45' title='bbox 881 488 992 524; x_wconf 87' lang='lat' dir='ltr'>pestes</span> <span class='ocrx_word' id='word_1_46' title='bbox 1016 480 1087 513; x_wconf 83' lang='lat' dir='ltr'>fere</span> <span class='ocrx_word' id='word_1_47' title='bbox 1112 492 1193 525; x_wconf 85' lang='lat' dir='ltr'>pro-</span> 
     </span>
     <span class='ocr_line' id='line_1_8' title="bbox 55 541 1193 590; baseline 0.001 -15"><span class='ocrx_word' id='word_1_48' title='bbox 55 543 164 577; x_wconf 74' lang='lat' dir='ltr'>fectae</span> <span class='ocrx_word' id='word_1_49' title='bbox 189 543 272 586; x_wconf 79' lang='lat' dir='ltr'>sint;</span> <span class='ocrx_word' id='word_1_50' title='bbox 303 543 424 590; x_wconf 85' lang='lat' dir='ltr'>hisque</span> <span class='ocrx_word' id='word_1_51' title='bbox 458 542 688 577; x_wconf 78' lang='lat' dir='ltr'>convellendis</span> <span class='ocrx_word' id='word_1_52' title='bbox 711 541 803 576; x_wconf 89' lang='lat' dir='ltr'>utilis</span> <span class='ocrx_word' id='word_1_53' title='bbox 835 541 878 575; x_wconf 86' lang='lat' dir='ltr'>sit</span> <span class='ocrx_word' id='word_1_54' title='bbox 906 542 1047 575; x_wconf 85' lang='lat' dir='ltr'>illorum</span> <span class='ocrx_word' id='word_1_55' title='bbox 1072 542 1193 577; x_wconf 85' lang='lat' dir='ltr'>confu-</span> 
     </span>
     <span class='ocr_line' id='line_1_9' title="bbox 54 604 1192 652; baseline 0 -14"><span class='ocrx_word' id='word_1_56' title='bbox 54 606 148 641; x_wconf 76' lang='lat' dir='ltr'>tatio.</span> <span class='ocrx_word' id='word_1_57' title='bbox 196 608 356 641; x_wconf 78' lang='lat' dir='ltr'>Larvatae</span> <span class='ocrx_word' id='word_1_58' title='bbox 390 607 467 641; x_wconf 89' lang='lat' dir='ltr'>huic</span> <span class='ocrx_word' id='word_1_59' title='bbox 499 605 676 652; x_wconf 78' lang='lat' dir='ltr'>scriptioni</span> <span class='ocrx_word' id='word_1_60' title='bbox 707 617 887 652; x_wconf 81' lang='lat' dir='ltr'>personam</span> <span class='ocrx_word' id='word_1_61' title='bbox 924 605 1102 639; x_wconf 78' lang='lat' dir='ltr'>detrahunt</span> <span class='ocrx_word' id='word_1_62' title='bbox 1136 604 1192 639; x_wconf 87' lang='lat' dir='ltr'>vel</span> 
     </span>
     <span class='ocr_line' id='line_1_10' title="bbox 52 667 1191 717; baseline 0.003 -15"><span class='ocrx_word' id='word_1_63' title='bbox 52 670 154 703; x_wconf 70' lang='lat' dir='ltr'>verba</span> <span class='ocrx_word' id='word_1_64' title='bbox 189 669 332 713; x_wconf 80' lang='lat' dir='ltr'>isthaec,</span> <span class='ocrx_word' id='word_1_65' title='bbox 375 683 460 717; x_wconf 77' lang='lat' dir='ltr'>quae</span> <span class='ocrx_word' id='word_1_66' title='bbox 500 678 628 705; x_wconf 80' lang='lat' dir='ltr'>exstant</span> <span class='ocrx_word' id='word_1_67' title='bbox 666 668 702 703; x_wconf 86' lang='lat' dir='ltr'>in</span> <span class='ocrx_word' id='word_1_68' title='bbox 737 667 942 702; x_wconf 86' lang='lat' dir='ltr'>Prooemio:</span> <span class='ocrx_word' id='word_1_69' title='bbox 995 670 1118 704; x_wconf 74' lang='grc' dir='ltr'><em>Ταῦτα</em></span> <span class='ocrx_word' id='word_1_70' title='bbox 1151 670 1191 704; x_wconf 78' lang='grc' dir='ltr'>δὲ</span> 
     </span>
     <span class='ocr_line' id='line_1_11' title="bbox 52 729 1191 784; baseline -0.001 -16"><span class='ocrx_word' id='word_1_71' title='bbox 52 732 171 781; x_wconf 77' lang='grc' dir='ltr'><em>ἕτερος</em></span> <span class='ocrx_word' id='word_1_72' title='bbox 195 732 262 769; x_wconf 86' lang='grc' dir='ltr'>οὐκ</span> <span class='ocrx_word' id='word_1_73' title='bbox 288 735 444 784; x_wconf 64' lang='grc' dir='ltr'>ἐλέγξει,</span> <span class='ocrx_word' id='word_1_74' title='bbox 470 730 492 777; x_wconf 83' lang='grc' dir='ltr'><em>ἢ</em></span> <span class='ocrx_word' id='word_1_75' title='bbox 516 731 554 769; x_wconf 78' lang='grc' dir='ltr'>τὸ</span> <span class='ocrx_word' id='word_1_76' title='bbox 581 733 622 769; x_wconf 74' lang='grc' dir='ltr'>ἓν</span> <span class='ocrx_word' id='word_1_77' title='bbox 646 733 816 777; x_wconf 66' lang='grc' dir='ltr'><strong><em>ἐκκλησίᾳ</em></strong></span> <span class='ocrx_word' id='word_1_78' title='bbox 840 731 1058 780; x_wconf 73' lang='grc' dir='ltr'><em>παραδοθὲν</em></span> <span class='ocrx_word' id='word_1_79' title='bbox 1082 729 1191 778; x_wconf 71' lang='grc' dir='ltr'><em>ἅγιον</em></span> 
     </span>
     <span class='ocr_line' id='line_1_12' title="bbox 50 789 1189 843; baseline -0.001 -12"><span class='ocrx_word' id='word_1_80' title='bbox 50 797 219 842; x_wconf 82' lang='grc' dir='ltr'><em>πνεῦμα,</em></span> <span class='ocrx_word' id='word_1_81' title='bbox 254 789 297 832; x_wconf 72' lang='grc' dir='ltr'>οὗ</span> <span class='ocrx_word' id='word_1_82' title='bbox 320 794 564 842; x_wconf 78' lang='grc' dir='ltr'><em>τυγχάνοντες</em></span> <span class='ocrx_word' id='word_1_83' title='bbox 595 793 777 843; x_wconf 78' lang='grc' dir='ltr'><em>πρότερον</em></span> <span class='ocrx_word' id='word_1_84' title='bbox 801 795 836 830; x_wconf 79' lang='grc' dir='ltr'>οἱ</span> <span class='ocrx_word' id='word_1_85' title='bbox 861 791 1059 830; x_wconf 73' lang='grc' dir='ltr'><em>ἀπόστολοι</em></span> <span class='ocrx_word' id='word_1_86' title='bbox 1081 796 1189 840; x_wconf 81' lang='grc' dir='ltr'><em>μετέ-</em></span> 
     </span>
     <span class='ocr_line' id='line_1_13' title="bbox 51 850 1191 906; baseline -0.003 -11"><span class='ocrx_word' id='word_1_87' title='bbox 51 859 169 895; x_wconf 73' lang='grc' dir='ltr'><em>δοσαν</em></span> <span class='ocrx_word' id='word_1_88' title='bbox 199 863 273 899; x_wconf 83' lang='grc' dir='ltr'><em>τοῖς</em></span> <span class='ocrx_word' id='word_1_89' title='bbox 310 858 429 906; x_wconf 80' lang='grc' dir='ltr'><em>ὀρθῶς</em></span> <span class='ocrx_word' id='word_1_90' title='bbox 463 856 761 895; x_wconf 83' lang='grc' dir='ltr'><em>πεπιστευκόσιν·</em></span> <span class='ocrx_word' id='word_1_91' title='bbox 800 850 852 894; x_wconf 78' lang='grc' dir='ltr'>ὧν</span> <span class='ocrx_word' id='word_1_92' title='bbox 883 856 986 904; x_wconf 77' lang='grc' dir='ltr'><em>ἡμεῖς</em></span> <span class='ocrx_word' id='word_1_93' title='bbox 1021 855 1191 904; x_wconf 73' lang='grc' dir='ltr'><em>διάδοχοι</em></span> 
     </span>
     <span class='ocr_line' id='line_1_14' title="bbox 51 920 1190 969; baseline -0.003 -11"><span class='ocrx_word' id='word_1_94' title='bbox 51 921 302 969; x_wconf 76' lang='grc' dir='ltr'><em>τυγχάνοντες,</em></span> <span class='ocrx_word' id='word_1_95' title='bbox 327 923 389 967; x_wconf 85' lang='grc' dir='ltr'>τῆς</span> <span class='ocrx_word' id='word_1_96' title='bbox 411 934 450 958; x_wconf 81' lang='grc' dir='ltr'>τε</span> <span class='ocrx_word' id='word_1_97' title='bbox 474 922 582 967; x_wconf 83' lang='grc' dir='ltr'><em>αὐτῆς</em></span> <span class='ocrx_word' id='word_1_98' title='bbox 601 920 752 968; x_wconf 77' lang='grc' dir='ltr'><em>χάριτος</em></span> <span class='ocrx_word' id='word_1_99' title='bbox 767 923 989 968; x_wconf 78' lang='grc' dir='ltr'><em>μετέχοντες,</em></span> <span class='ocrx_word' id='word_1_100' title='bbox 1016 920 1190 969; x_wconf 73' lang='grc' dir='ltr'><em>ἀρχιερα-</em></span> 
     </span>
     <span class='ocr_line' id='line_1_15' title="bbox 49 984 1192 1032; baseline -0.003 -11"><span class='ocrx_word' id='word_1_101' title='bbox 49 989 146 1025; x_wconf 80' lang='grc' dir='ltr'><em>τείας</em></span> <span class='ocrx_word' id='word_1_102' title='bbox 175 998 214 1022; x_wconf 82' lang='grc' dir='ltr'>τε</span> <span class='ocrx_word' id='word_1_103' title='bbox 243 987 305 1021; x_wconf 85' lang='grc' dir='ltr'>καὶ</span> <span class='ocrx_word' id='word_1_104' title='bbox 338 986 594 1030; x_wconf 71' lang='grc' dir='ltr'>διδασκαλίας,</span> <span class='ocrx_word' id='word_1_105' title='bbox 629 987 692 1020; x_wconf 80' lang='grc' dir='ltr'>καὶ</span> <span class='ocrx_word' id='word_1_106' title='bbox 721 986 881 1032; x_wconf 72' lang='grc' dir='ltr'><em>φρουροὶ</em></span> <span class='ocrx_word' id='word_1_107' title='bbox 911 986 970 1028; x_wconf 81' lang='grc' dir='ltr'>τῆς</span> <span class='ocrx_word' id='word_1_108' title='bbox 1003 984 1192 1028; x_wconf 73' lang='grc' dir='ltr'><strong><em>ἐκκλησίας</em></strong></span> 
     </span>
     <span class='ocr_line' id='line_1_16' title="bbox 50 1045 1190 1094; baseline -0.001 -11"><span class='ocrx_word' id='word_1_109' title='bbox 50 1050 320 1094; x_wconf 77' lang='grc' dir='ltr'>λελογισμένοι,</span> <span class='ocrx_word' id='word_1_110' title='bbox 358 1047 424 1083; x_wconf 86' lang='grc' dir='ltr'>οὐκ</span> <span class='ocrx_word' id='word_1_111' title='bbox 461 1047 648 1094; x_wconf 77' lang='grc' dir='ltr'><strong><em>ὀφθαλμῷ</em></strong></span> <span class='ocrx_word' id='word_1_112' title='bbox 689 1045 930 1093; x_wconf 76' lang='grc' dir='ltr'><em>νυστιὲξομεν.</em></span> <span class='ocrx_word' id='word_1_113' title='bbox 986 1046 1091 1092; x_wconf 81' lang='lat' dir='ltr'>Atqui</span> <span class='ocrx_word' id='word_1_114' title='bbox 1127 1059 1190 1079; x_wconf 81' lang='lat' dir='ltr'>nec</span> 
     </span>
     <span class='ocr_line' id='line_1_17' title="bbox 51 1108 1189 1156; baseline -0.002 -12"><span class='ocrx_word' id='word_1_115' title='bbox 51 1111 210 1144; x_wconf 82' lang='lat' dir='ltr'>ecclesiae</span> <span class='ocrx_word' id='word_1_116' title='bbox 234 1119 346 1144; x_wconf 86' lang='lat' dir='ltr'>custos</span> <span class='ocrx_word' id='word_1_117' title='bbox 373 1110 557 1152; x_wconf 77' lang='lat' dir='ltr'>Origenes,</span> <span class='ocrx_word' id='word_1_118' title='bbox 581 1122 645 1142; x_wconf 81' lang='lat' dir='ltr'>nec</span> <span class='ocrx_word' id='word_1_119' title='bbox 671 1108 851 1156; x_wconf 85' lang='lat' dir='ltr'>episcopus</span> <span class='ocrx_word' id='word_1_120' title='bbox 875 1110 950 1145; x_wconf 76' lang='lat' dir='ltr'>suit.</span> <span class='ocrx_word' id='word_1_121' title='bbox 999 1109 1189 1154; x_wconf 78' lang='lat' dir='ltr'>Episcopus</span> 
     </span>
     <span class='ocr_line' id='line_1_18' title="bbox 51 1171 1190 1218; baseline 0 -12"><span class='ocrx_word' id='word_1_122' title='bbox 51 1183 162 1207; x_wconf 85' lang='lat' dir='ltr'>autem</span> <span class='ocrx_word' id='word_1_123' title='bbox 186 1173 251 1206; x_wconf 84' lang='lat' dir='ltr'>fuit</span> <span class='ocrx_word' id='word_1_124' title='bbox 274 1172 502 1218; x_wconf 70' lang='lat' dir='ltr'>Epiphanius,</span> <span class='ocrx_word' id='word_1_125' title='bbox 535 1181 568 1205; x_wconf 91' lang='lat' dir='ltr'>et</span> <span class='ocrx_word' id='word_1_126' title='bbox 592 1173 719 1205; x_wconf 86' lang='lat' dir='ltr'>librum</span> <span class='ocrx_word' id='word_1_127' title='bbox 744 1172 878 1218; x_wconf 79' lang='lat' dir='ltr'>scripsit</span> <span class='ocrx_word' id='word_1_128' title='bbox 901 1173 944 1205; x_wconf 88' lang='lat' dir='ltr'>de</span> <span class='ocrx_word' id='word_1_129' title='bbox 969 1171 1190 1206; x_wconf 72' lang='lat' dir='ltr'>Haeresihus:</span> 
     </span>
     <span class='ocr_line' id='line_1_19' title="bbox 50 1235 1189 1282; baseline -0.001 -13"><span class='ocrx_word' id='word_1_130' title='bbox 50 1237 139 1270; x_wconf 89' lang='lat' dir='ltr'>unde</span> <span class='ocrx_word' id='word_1_131' title='bbox 163 1249 231 1270; x_wconf 88' lang='lat' dir='ltr'>non</span> <span class='ocrx_word' id='word_1_132' title='bbox 256 1235 361 1269; x_wconf 82' lang='lat' dir='ltr'>inanis</span> <span class='ocrx_word' id='word_1_133' title='bbox 388 1235 583 1282; x_wconf 76' lang='lat' dir='ltr'>conjectura</span> <span class='ocrx_word' id='word_1_134' title='bbox 606 1235 768 1277; x_wconf 78' lang='lat' dir='ltr'>sumitur,</span> <span class='ocrx_word' id='word_1_135' title='bbox 800 1235 867 1269; x_wconf 87' lang='lat' dir='ltr'>hoc</span> <span class='ocrx_word' id='word_1_136' title='bbox 900 1248 987 1281; x_wconf 86' lang='lat' dir='ltr'>opus</span> <span class='ocrx_word' id='word_1_137' title='bbox 1011 1235 1054 1268; x_wconf 78' lang='lat' dir='ltr'>ad</span> <span class='ocrx_word' id='word_1_138' title='bbox 1077 1235 1189 1281; x_wconf 85' lang='lat' dir='ltr'>ipsum</span> 
     </span>
     <span class='ocr_line' id='line_1_20' title="bbox 51 1299 371 1333; baseline 0 0"><span class='ocrx_word' id='word_1_139' title='bbox 51 1311 121 1333; x_wconf 84' lang='lat' dir='ltr'>esse</span> <span class='ocrx_word' id='word_1_140' title='bbox 145 1299 371 1333; x_wconf 83' lang='lat' dir='ltr'>referendum.</span> 
     </span>
    </p>

    <p class='ocr_par' dir='ltr' id='par_1_3' title="bbox 46 1360 1190 2228">
     <span class='ocr_line' id='line_1_21' title="bbox 138 1360 1189 1407; baseline 0.001 -12"><span class='ocrx_word' id='word_1_141' title='bbox 138 1362 216 1396; x_wconf 84' lang='lat' dir='ltr'>XII.</span> <span class='ocrx_word' id='word_1_142' title='bbox 251 1361 423 1395; x_wconf 79' lang='lat' dir='ltr'>Libellum</span> <span class='ocrx_word' id='word_1_143' title='bbox 455 1360 498 1396; x_wconf 84' lang='lat' dir='ltr'>de</span> <span class='ocrx_word' id='word_1_144' title='bbox 530 1361 770 1407; x_wconf 77' lang='lat' dir='ltr'>Singularitate</span> <span class='ocrx_word' id='word_1_145' title='bbox 802 1360 1016 1398; x_wconf 78' lang='lat' dir='ltr'>Clericorum</span> <span class='ocrx_word' id='word_1_146' title='bbox 1048 1360 1189 1406; x_wconf 82' lang='lat' dir='ltr'>Origeni</span> 
     </span>
     <span class='ocr_line' id='line_1_22' title="bbox 47 1422 1190 1470; baseline -0.001 -10"><span class='ocrx_word' id='word_1_147' title='bbox 47 1425 175 1460; x_wconf 75' lang='lat' dir='ltr'>addicit</span> <span class='ocrx_word' id='word_1_148' title='bbox 211 1434 305 1459; x_wconf 77' lang='lat' dir='ltr'>vetus</span> <span class='ocrx_word' id='word_1_149' title='bbox 338 1425 456 1459; x_wconf 85' lang='lat' dir='ltr'>Codex</span> <span class='ocrx_word' id='word_1_150' title='bbox 492 1424 616 1470; x_wconf 78' lang='lat' dir='ltr'>Regiae</span> <span class='ocrx_word' id='word_1_151' title='bbox 649 1422 896 1462; x_wconf 75' lang='lat' dir='ltr'>Bibliothecae.</span> <span class='ocrx_word' id='word_1_152' title='bbox 943 1425 1120 1460; x_wconf 89' lang='lat' dir='ltr'>Addicunt</span> <span class='ocrx_word' id='word_1_153' title='bbox 1156 1436 1190 1459; x_wconf 85' lang='lat' dir='ltr'>et</span> 
     </span>
     <span class='ocr_line' id='line_1_23' title="bbox 47 1488 1188 1531; baseline -0.001 -8"><span class='ocrx_word' id='word_1_154' title='bbox 47 1488 234 1523; x_wconf 81' lang='lat' dir='ltr'>Landulfus</span> <span class='ocrx_word' id='word_1_155' title='bbox 267 1500 285 1521; x_wconf 81' lang='lat' dir='ltr'>a</span> <span class='ocrx_word' id='word_1_156' title='bbox 311 1488 480 1522; x_wconf 72' lang='lat' dir='ltr'>Columna</span> <span class='ocrx_word' id='word_1_157' title='bbox 511 1489 546 1522; x_wconf 88' lang='lat' dir='ltr'>in</span> <span class='ocrx_word' id='word_1_158' title='bbox 578 1489 754 1523; x_wconf 80' lang='lat' dir='ltr'>Breviario</span> <span class='ocrx_word' id='word_1_159' title='bbox 787 1488 970 1531; x_wconf 81' lang='lat' dir='ltr'>historiali,</span> <span class='ocrx_word' id='word_1_160' title='bbox 1007 1489 1188 1523; x_wconf 77' lang='lat' dir='ltr'>Laziardus</span> 
     </span>
     <span class='ocr_line' id='line_1_24' title="bbox 49 1549 1187 1598; baseline 0 -12"><span class='ocrx_word' id='word_1_161' title='bbox 49 1550 274 1593; x_wconf 84' lang='lat' dir='ltr'>Coelestinus,</span> <span class='ocrx_word' id='word_1_162' title='bbox 298 1549 501 1592; x_wconf 78' lang='lat' dir='ltr'>Antoninus,</span> <span class='ocrx_word' id='word_1_163' title='bbox 528 1560 561 1584; x_wconf 90' lang='lat' dir='ltr'>et</span> <span class='ocrx_word' id='word_1_164' title='bbox 586 1552 784 1586; x_wconf 79' lang='lat' dir='ltr'>Vincentius</span> <span class='ocrx_word' id='word_1_165' title='bbox 811 1552 1078 1596; x_wconf 81' lang='lat' dir='ltr'>Bellovacensis,</span> <span class='ocrx_word' id='word_1_166' title='bbox 1104 1565 1187 1598; x_wconf 87' lang='lat' dir='ltr'>quos</span> 
     </span>
     <span class='ocr_line' id='line_1_25' title="bbox 46 1612 1189 1660; baseline 0 -12"><span class='ocrx_word' id='word_1_167' title='bbox 46 1624 200 1648; x_wconf 83' lang='lat' dir='ltr'>recenset</span> <span class='ocrx_word' id='word_1_168' title='bbox 222 1612 411 1657; x_wconf 71' lang='lat' dir='ltr'>Pameliu33</span> <span class='ocrx_word' id='word_1_169' title='bbox 436 1623 470 1647; x_wconf 88' lang='lat' dir='ltr'>et</span> <span class='ocrx_word' id='word_1_170' title='bbox 494 1615 615 1659; x_wconf 86' lang='lat' dir='ltr'>quibus</span> <span class='ocrx_word' id='word_1_171' title='bbox 641 1614 714 1660; x_wconf 84' lang='lat' dir='ltr'>ipse</span> <span class='ocrx_word' id='word_1_172' title='bbox 739 1614 902 1659; x_wconf 82' lang='lat' dir='ltr'>succinit,</span> <span class='ocrx_word' id='word_1_173' title='bbox 931 1628 1006 1649; x_wconf 91' lang='lat' dir='ltr'>cum</span> <span class='ocrx_word' id='word_1_174' title='bbox 1030 1614 1064 1648; x_wconf 88' lang='lat' dir='ltr'>in</span> <span class='ocrx_word' id='word_1_175' title='bbox 1088 1615 1189 1648; x_wconf 77' lang='lat' dir='ltr'>Prae-</span> 
     </span>
     <span class='ocr_line' id='line_1_26' title="bbox 46 1674 1187 1724; baseline 0.001 -14"><span class='ocrx_word' id='word_1_176' title='bbox 46 1677 176 1711; x_wconf 80' lang='lat' dir='ltr'>fatione</span> <span class='ocrx_word' id='word_1_177' title='bbox 200 1677 243 1710; x_wconf 79' lang='lat' dir='ltr'>ad</span> <span class='ocrx_word' id='word_1_178' title='bbox 272 1676 411 1711; x_wconf 87' lang='lat' dir='ltr'>tertium</span> <span class='ocrx_word' id='word_1_179' title='bbox 436 1677 586 1710; x_wconf 88' lang='lat' dir='ltr'>Tomum</span> <span class='ocrx_word' id='word_1_180' title='bbox 613 1676 791 1724; x_wconf 76' lang='lat' dir='ltr'>Cypriani,</span> <span class='ocrx_word' id='word_1_181' title='bbox 822 1687 896 1711; x_wconf 75' lang='lat' dir='ltr'>tum</span> <span class='ocrx_word' id='word_1_182' title='bbox 925 1677 962 1711; x_wconf 86' lang='lat' dir='ltr'>in</span> <span class='ocrx_word' id='word_1_183' title='bbox 992 1674 1187 1721; x_wconf 72' lang='lat' dir='ltr'>argumento</span> 
     </span>
     <span class='ocr_line' id='line_1_27' title="bbox 47 1738 1190 1787; baseline 0.001 -15"><span class='ocrx_word' id='word_1_184' title='bbox 47 1739 126 1772; x_wconf 88' lang='lat' dir='ltr'>libri</span> <span class='ocrx_word' id='word_1_185' title='bbox 151 1738 264 1786; x_wconf 80' lang='lat' dir='ltr'>hujus,</span> <span class='ocrx_word' id='word_1_186' title='bbox 304 1749 337 1773; x_wconf 86' lang='lat' dir='ltr'>et</span> <span class='ocrx_word' id='word_1_187' title='bbox 365 1739 400 1773; x_wconf 93' lang='lat' dir='ltr'>in</span> <span class='ocrx_word' id='word_1_188' title='bbox 423 1739 710 1774; x_wconf 76' lang='lat' dir='ltr'>Annotationibus</span> <span class='ocrx_word' id='word_1_189' title='bbox 736 1741 779 1775; x_wconf 82' lang='lat' dir='ltr'>ad</span> <span class='ocrx_word' id='word_1_190' title='bbox 812 1750 913 1786; x_wconf 78' lang='lat' dir='ltr'>caput</span> <span class='ocrx_word' id='word_1_191' title='bbox 935 1740 1085 1787; x_wconf 83' lang='lat' dir='ltr'>primum</span> <span class='ocrx_word' id='word_1_192' title='bbox 1109 1740 1190 1774; x_wconf 87' lang='lat' dir='ltr'>libri</span> 
     </span>
     <span class='ocr_line' id='line_1_28' title="bbox 48 1800 1189 1838; baseline 0.003 -3"><span class='ocrx_word' id='word_1_193' title='bbox 48 1800 253 1836; x_wconf 77' lang='lat' dir='ltr'>Tertulliani</span> <span class='ocrx_word' id='word_1_194' title='bbox 286 1802 328 1835; x_wconf 88' lang='lat' dir='ltr'>de</span> <span class='ocrx_word' id='word_1_195' title='bbox 353 1802 598 1837; x_wconf 78' lang='lat' dir='ltr'>Exhortatione</span> <span class='ocrx_word' id='word_1_196' title='bbox 624 1803 794 1838; x_wconf 75' lang='lat' dir='ltr'>castitatis.</span> <span class='ocrx_word' id='word_1_197' title='bbox 843 1804 914 1838; x_wconf 86' lang='lat' dir='ltr'>Sed</span> <span class='ocrx_word' id='word_1_198' title='bbox 938 1803 1099 1838; x_wconf 79' lang='lat' dir='ltr'>reclamat</span> <span class='ocrx_word' id='word_1_199' title='bbox 1122 1804 1189 1838; x_wconf 78' lang='lat' dir='ltr'>Ba-</span> 
     </span>
     <span class='ocr_line' id='line_1_29' title="bbox 47 1864 1190 1912; baseline 0.002 -14"><span class='ocrx_word' id='word_1_200' title='bbox 47 1864 227 1910; x_wconf 52' lang='lat' dir='ltr'>toniusfl)</span> <span class='ocrx_word' id='word_1_201' title='bbox 254 1865 347 1911; x_wconf 89' lang='lat' dir='ltr'>quod</span> <span class='ocrx_word' id='word_1_202' title='bbox 371 1867 438 1900; x_wconf 85' lang='lat' dir='ltr'>hoc</span> <span class='ocrx_word' id='word_1_203' title='bbox 463 1879 567 1912; x_wconf 88' lang='lat' dir='ltr'>opere</span> <span class='ocrx_word' id='word_1_204' title='bbox 593 1865 796 1901; x_wconf 76' lang='lat' dir='ltr'>seminarum</span> <span class='ocrx_word' id='word_1_205' title='bbox 825 1867 1087 1900; x_wconf 87' lang='lat' dir='ltr'>contubernium</span> <span class='ocrx_word' id='word_1_206' title='bbox 1112 1867 1190 1902; x_wconf 90' lang='lat' dir='ltr'>Cle-</span> 
     </span>
     <span class='ocr_line' id='line_1_30' title="bbox 48 1927 1189 1976; baseline 0.003 -15"><span class='ocrx_word' id='word_1_207' title='bbox 48 1927 125 1962; x_wconf 81' lang='lat' dir='ltr'>ricis</span> <span class='ocrx_word' id='word_1_208' title='bbox 151 1928 391 1973; x_wconf 69' lang='lat' dir='ltr'>interdicatur-3</span> <span class='ocrx_word' id='word_1_209' title='bbox 416 1941 493 1964; x_wconf 83' lang='lat' dir='ltr'>cnm</span> <span class='ocrx_word' id='word_1_210' title='bbox 517 1930 605 1964; x_wconf 88' lang='lat' dir='ltr'>inter</span> <span class='ocrx_word' id='word_1_211' title='bbox 627 1931 790 1964; x_wconf 77' lang='lat' dir='ltr'>mulieres</span> <span class='ocrx_word' id='word_1_212' title='bbox 817 1940 849 1964; x_wconf 91' lang='lat' dir='ltr'>et</span> <span class='ocrx_word' id='word_1_213' title='bbox 873 1929 1004 1976; x_wconf 80' lang='lat' dir='ltr'>puellas</span> <span class='ocrx_word' id='word_1_214' title='bbox 1023 1930 1189 1973; x_wconf 82' lang='lat' dir='ltr'>Origenes</span> 
     </span>
     <span class='ocr_line' id='line_1_31' title="bbox 50 1991 1190 2034; baseline 0.004 -11"><span class='ocrx_word' id='word_1_215' title='bbox 50 1991 179 2024; x_wconf 77' lang='lat' dir='ltr'>assidue</span> <span class='ocrx_word' id='word_1_216' title='bbox 203 1991 245 2025; x_wconf 86' lang='lat' dir='ltr'>sit</span> <span class='ocrx_word' id='word_1_217' title='bbox 270 2002 495 2028; x_wconf 79' lang='lat' dir='ltr'>conversatus.</span> <span class='ocrx_word' id='word_1_218' title='bbox 536 1992 644 2027; x_wconf 80' lang='lat' dir='ltr'>Addit</span> <span class='ocrx_word' id='word_1_219' title='bbox 668 1993 705 2027; x_wconf 84' lang='lat' dir='ltr'>id</span> <span class='ocrx_word' id='word_1_220' title='bbox 729 1992 832 2027; x_wconf 76' lang='lat' dir='ltr'>fuisse</span> <span class='ocrx_word' id='word_1_221' title='bbox 859 2005 1002 2034; x_wconf 78' lang='lat' dir='ltr'>caussae,</span> <span class='ocrx_word' id='word_1_222' title='bbox 1028 2005 1087 2026; x_wconf 85' lang='lat' dir='ltr'>cur</span> <span class='ocrx_word' id='word_1_223' title='bbox 1110 1993 1190 2027; x_wconf 88' lang='lat' dir='ltr'>scri—</span> 
     </span>
     <span class='ocr_line' id='line_1_32' title="bbox 49 2055 1190 2101; baseline 0.003 -14"><span class='ocrx_word' id='word_1_224' title='bbox 49 2063 126 2099; x_wconf 82' lang='lat' dir='ltr'>ptus</span> <span class='ocrx_word' id='word_1_225' title='bbox 141 2055 182 2087; x_wconf 79' lang='lat' dir='ltr'>ab</span> <span class='ocrx_word' id='word_1_226' title='bbox 197 2056 395 2091; x_wconf 75' lang='lat' dir='ltr'>Adamantio</span> <span class='ocrx_word' id='word_1_227' title='bbox 419 2056 482 2090; x_wconf 77' lang='lat' dir='ltr'>iste</span> <span class='ocrx_word' id='word_1_228' title='bbox 495 2055 584 2090; x_wconf 87' lang='lat' dir='ltr'>liber</span> <span class='ocrx_word' id='word_1_229' title='bbox 608 2055 758 2090; x_wconf 76' lang='lat' dir='ltr'>creditus</span> <span class='ocrx_word' id='word_1_230' title='bbox 781 2056 835 2098; x_wconf 87' lang='lat' dir='ltr'>sit,</span> <span class='ocrx_word' id='word_1_231' title='bbox 862 2057 955 2101; x_wconf 87' lang='lat' dir='ltr'>quod</span> <span class='ocrx_word' id='word_1_232' title='bbox 969 2065 1190 2101; x_wconf 81' lang='lat' dir='ltr'>spontaneam</span> 
     </span>
     <span class='ocr_line' id='line_1_33' title="bbox 50 2118 1190 2166; baseline 0.004 -17"><span class='ocrx_word' id='word_1_233' title='bbox 50 2118 284 2152; x_wconf 76' lang='lat' dir='ltr'>castrationem</span> <span class='ocrx_word' id='word_1_234' title='bbox 307 2131 377 2153; x_wconf 91' lang='lat' dir='ltr'>non</span> <span class='ocrx_word' id='word_1_235' title='bbox 400 2118 663 2166; x_wconf 78' lang='lat' dir='ltr'>improbaverit3</span> <span class='ocrx_word' id='word_1_236' title='bbox 687 2129 789 2166; x_wconf 80' lang='lat' dir='ltr'>atque</span> <span class='ocrx_word' id='word_1_237' title='bbox 813 2119 881 2152; x_wconf 88' lang='lat' dir='ltr'>hoc</span> <span class='ocrx_word' id='word_1_238' title='bbox 906 2119 999 2152; x_wconf 88' lang='lat' dir='ltr'>idem</span> <span class='ocrx_word' id='word_1_239' title='bbox 1015 2131 1190 2162; x_wconf 83' lang='lat' dir='ltr'>argumen-</span> 
     </span>
     <span class='ocr_line' id='line_1_34' title="bbox 49 2179 1189 2228; baseline 0.005 -17"><span class='ocrx_word' id='word_1_240' title='bbox 49 2188 123 2212; x_wconf 86' lang='lat' dir='ltr'>tum</span> <span class='ocrx_word' id='word_1_241' title='bbox 147 2180 319 2225; x_wconf 70' lang='lat' dir='ltr'>usurpavit</span> <span class='ocrx_word' id='word_1_242' title='bbox 342 2181 530 2216; x_wconf 75' lang='lat' dir='ltr'>pamelius:</span> <span class='ocrx_word' id='word_1_243' title='bbox 558 2183 697 2228; x_wconf 75' lang='lat' dir='ltr'>»Atqui,</span> <span class='ocrx_word' id='word_1_244' title='bbox 722 2181 834 2228; x_wconf 87' lang='lat' dir='ltr'>inquit</span> <span class='ocrx_word' id='word_1_245' title='bbox 858 2179 1037 2226; x_wconf 78' lang='lat' dir='ltr'>Baronius,</span> <span class='ocrx_word' id='word_1_246' title='bbox 1062 2183 1189 2217; x_wconf 80' lang='lat' dir='ltr'>debue-</span> 
     </span>
    </p>
   </div>
   <div class='ocr_carea' id='block_1_3' title="bbox 146 2304 986 2406">
    <p class='ocr_par' dir='ltr' id='par_1_4' title="bbox 146 2304 986 2406">
     <span class='ocr_line' id='line_1_35' title="bbox 146 2304 986 2353; baseline 0.006 -13"><span class='ocrx_word' id='word_1_247' title='bbox 146 2304 178 2351; x_wconf 87' lang='lat'>¹)</span> <span class='ocrx_word' id='word_1_248' title='bbox 205 2305 273 2340; x_wconf 82' lang='lat' dir='ltr'>Csr.</span> <span class='ocrx_word' id='word_1_249' title='bbox 298 2304 419 2341; x_wconf 79' lang='lat' dir='ltr'>Baron.</span> <span class='ocrx_word' id='word_1_250' title='bbox 446 2305 566 2342; x_wconf 73' lang='lat' dir='ltr'>Annal.</span> <span class='ocrx_word' id='word_1_251' title='bbox 590 2307 666 2344; x_wconf 73' lang='grc'><strong>253.</strong></span> <span class='ocrx_word' id='word_1_252' title='bbox 695 2318 767 2353; x_wconf 68' lang='lat' dir='ltr'>cap.</span> <span class='ocrx_word' id='word_1_253' title='bbox 795 2306 846 2344; x_wconf 58' lang='lat'>432</span> <span class='ocrx_word' id='word_1_254' title='bbox 876 2318 907 2342; x_wconf 77' lang='lat' dir='ltr'>et</span> <span class='ocrx_word' id='word_1_255' title='bbox 932 2309 986 2346; x_wconf 61' lang='lat'>45,</span> 
     </span>
     <span class='ocr_line' id='line_1_36' title="bbox 854 2368 922 2406; baseline 0 0"><span class='ocrx_word' id='word_1_256' title='bbox 854 2368 922 2406; x_wconf 65' lang='grc'>17*</span> 
     </span>
    </p>
   </div>
   <div class='ocr_carea' id='block_1_4' title="bbox 161 2259 316 2267">
    <p class='ocr_par' dir='ltr' id='par_1_5' title="bbox 161 2259 316 2267">
     <span class='ocr_line' id='line_1_37' title="bbox 161 2259 316 2267; baseline 0 0"><span class='ocrx_word' id='word_1_257' title='bbox 161 2259 316 2267; x_wconf 95' lang='lat' dir='ltr'> </span> 
     </span>
    </p>
   </div>
  </div>
 </body>
</html>
