1422 2472
399 44 584 75 Apotoem
612 51 680 75 vno
707 41 886 77 Omcmuz.
1151 42 1218 78 379

90 132 250 171 inserunt,
274 133 373 165 etiam
397 144 496 176 quam
521 131 696 164 maximam
720 140 863 176 ponunt,
887 131 980 176 quod
1003 131 1221 164 resurrectio-

90 206 167 226 nem
192 195 338 227 suturam
363 194 501 233 deneget
534 202 766 232 mortuorum,
797 193 888 236 quod
921 193 1035 237 utique
1067 194 1219 225 futurum

88 256 265 288 manifeste
296 257 330 288 in
362 255 510 288 ecclesiis
540 255 770 299 praedicatur,
802 267 1007 298 consequens
1039 264 1087 287 est
1118 254 1218 286 etiam

90 317 131 349 de
157 318 222 349 hoc
246 317 351 362 ipsius
375 330 436 349 nos
461 316 570 349 verbis
596 315 820 349 calumniosos
846 316 1036 355 ostendere,
1070 325 1103 348 et
1126 330 1219 348 mcu-

89 379 186 410 daces
211 379 383 411 evidenter
416 391 552 420 arguere
591 391 665 418 eos,
705 377 762 422 qui
798 377 897 410 etiam
933 377 1057 422 scripta
1089 379 1131 410 de
1154 378 1219 409 hnc.

90 440 189 472 edere
213 440 370 472 adversus
394 453 470 472 eum
495 453 564 472 non
597 448 833 484 pepercerunt.
879 440 963 471 Tam
997 453 1035 472 ex
1060 439 1139 484 ipsis
1162 440 1222 482 igi-

91 511 144 532 tur
168 501 272 541 libris,
297 515 381 546 quos
406 503 448 534 de
475 500 731 534 Resurrectione
762 500 912 545 scripsit,
945 515 1043 546 quam
1069 515 1107 534 ex
1133 511 1221 534 cete-

90 562 134 594 ris
159 562 230 607 ejus
254 563 393 596 diversis
418 563 666 602 voluminibus,
690 562 953 607 approbabimus
978 563 1078 596 etiam
1102 564 1135 596 iu
1160 563 1220 596 hac

89 634 183 669 parte
208 638 307 669 quam
334 625 506 659 catholice
531 623 682 658 senserit.

206 865 318 899 Prima
342 866 519 911 responsio
551 867 592 899 ad
617 864 794 910 septimam
823 863 1102 898 criminationem.

410 945 748 987 CAPUT
806 943 898 983 Vn.

289 1032 476 1076 Quomodo
501 1033 666 1065 sentiebat
696 1032 738 1064 de
761 1030 1019 1064 resurrectione.

127 1099 132 1103 .
181 1110 424 1145 ORlGENES.
475 1112 682 1156 »Quomodo
702 1111 732 1155 ¹)
759 1109 848 1142 enim
866 1123 934 1142 non
950 1109 1084 1142 videtur
1106 1111 1220 1144 absur-

91 1172 183 1212 dum,
207 1183 244 1206 ut
267 1174 333 1206 hoc
357 1187 491 1219 corpus,
515 1174 607 1219 quod
631 1186 694 1218 pro
714 1171 850 1205 Christo
872 1172 1011 1215 pertulit
1037 1171 1220 1214 cicatrices,

90 1242 124 1265 et
146 1234 272 1278 pariter
295 1249 370 1268 cum
392 1236 501 1268 anima
516 1234 836 1279 persecutionum2)
860 1233 1018 1265 toicravit
1030 1247 1125 1267 saeva
1149 1244 1219 1267 tor-

90 1305 212 1336 menta,
237 1310 408 1330 carcerum
436 1310 572 1342 quoque
597 1310 634 1330 ac
659 1296 870 1329 vinculorum
887 1305 920 1327 et
940 1297 1116 1328 verberum
1140 1310 1220 1341 sup-

91 1357 192 1402 plicia
216 1359 373 1403 pertulit,
407 1358 482 1400 igne
513 1358 613 1391 etiam
638 1357 841 1397 cruciatum,
872 1358 962 1390 ferro
995 1370 1127 1390 caesum
1159 1367 1220 1398 est,

89 1418 225 1464 insuper
249 1430 282 1453 et
305 1421 484 1453 bestiarum
508 1430 664 1453 cruentos
688 1433 837 1460 morsus,
862 1419 968 1452 crucis
994 1420 1154 1463 patibula,
1178 1433 1217 1452 ac

90 1481 220 1514 diversa
243 1495 429 1527 poenarum
460 1495 579 1524 genera
609 1495 804 1526 perpessum
830 1491 897 1521 est,
921 1490 1090 1513 tantorum
1115 1491 1220 1514 certa-

90 1543 218 1576 minum
243 1543 400 1588 praemiis
424 1543 663 1578 defraudetur?
684 1543 823 1588 Quippe
847 1543 874 1575 si
898 1543 969 1575 sola
988 1543 1109 1583 anima,
1133 1557 1218 1588 quae

90 1617 159 1638 non
182 1605 254 1638 sola
286 1605 517 1649 certaverit,³)
542 1615 742 1646 coronetur,
774 1615 808 1638 et
838 1604 990 1649 corporis
1021 1605 1073 1637 sui
1105 1619 1218 1638 vascu-

92 1670 161 1701 lum
195 1668 286 1712 quod
326 1667 358 1700 ei
390 1680 466 1699 curn
498 1679 618 1708 magno
650 1667 765 1699 labore
797 1666 950 1706 servivit,
981 1667 1073 1700 nulla
1103 1667 1217 1709 agonis

92 1730 175 1775 312⁴)
200 1729 359 1762 victoriae
384 1728 531 1773 praemia
561 1738 802 1774 consequatur,
837 1729 1013 1773 quomodo
1045 1742 1114 1761 non
1137 1743 1218 1762 con-

92 1801 140 1824 tra
165 1804 299 1824 omnem
324 1792 536 1836 rationemf’)
560 1791 706 1830 videtur,
738 1800 774 1823 ut
805 1791 1008 1823 naturalibus
1034 1790 1139 1830 vitiis,
1170 1801 1217 1824 at·

190 1921 219 1964 ¹)
244 1920 407 1953 Desumta
446 1930 522 1952 sunt
556 1921 637 1953 hacc
670 1921 769 1952 verb-1
800 1932 837 1951 ex
870 1919 928 1950 lib.
953 1920 979 1951 Ι.
1009 1918 1146 1960 Origen.
1175 1920 1216 1952 de

95 1965 363 1998 Resurrectione.
412 1965 482 1999 Cfr.
507 1968 558 1999 ed.
584 1975 688 1999 nostr.
712 1965 811 1997 Tom.
835 1965 946 1998 XVII.
971 1976 1043 2008 pag.
1066 1964 1120 1998 55.

184 2023 218 2064 ²)
242 2021 334 2053 Editi
360 2021 408 2064 (?)
433 2022 537 2054 male:
564 2021 885 2066 »persecutionem«
916 2021 955 2052 R.

185 2078 217 2121 3)
243 2077 336 2110 Editi
360 2080 406 2120 (v.
435 2091 461 2109 e.
486 2078 562 2111 edd.
586 2078 655 2115 M.)
682 2086 913 2110 »certaverat.«
944 2076 980 2109 R.

185 2133 218 2176 ι)
242 2132 330 2167 Edd.
354 2133 402 2166 M.
429 2142 511 2167 »εἰμι

187 2191 220 2233 ⁵)
245 2189 498 2222 Gencbrardus:
526 2190 708 2223 »rationem
735 2202 804 2222 csse
830 2188 1026 2227 vide-‘ntun-3«
1053 2188 1111 2220 scd
1138 2188 1215 2222 Mas.

95 2243 129 2265 ut
155 2233 187 2265 in
214 2243 314 2268 textu.
340 2235 379 2268 R.
405 2254 444 2260 —
473 2236 541 2270 Cfr.
567 2237 617 2269 cd.
643 2245 744 2268 nostr.
771 2235 869 2267 Tum.
897 2233 1003 2267 XVll.
1030 2246 1102 2276 pag.
1125 2233 1179 2267 55.
