1413 2482
179 96 244 132 154
515 99 626 132 Pssrm
658 99 831 132 DAmzus
855 98 989 132 Hun‘ru

177 188 304 221 riarum
328 189 622 221 Bibliotlnecarum
654 187 836 231 Catalogos
867 197 1068 233 pertexeret.
1122 189 1218 233 Quae
1244 202 1319 222 cum

177 251 256 284 satis
281 252 426 283 obscura
450 250 527 291 sint,
553 263 613 293 ego
638 249 687 283 sic
711 249 878 293 intelligo,
903 249 1087 293 Origencm
1110 250 1145 283 in
1170 251 1232 284 hac
1255 250 1319 284 Ex—

177 312 349 358 positione
374 312 532 347 Psalterii
556 312 725 346 imitatum
751 325 821 346 esse
837 312 1078 360 Hippolytum,
1103 325 1203 358 quem
1217 312 1320 347 Com-

178 374 362 408 mentarios
388 375 423 408 in
447 375 651 408 Psalterium
684 373 855 420 scripsisse
890 374 995 408 tradit
1024 374 1252 421 Hieronymus
1278 375 1319 408 de

177 438 292 483 script.
316 438 436 472 eccles.
462 451 533 483 cap.
546 437 599 474 36.
650 438 807 471 Eundem
828 446 942 470 autem
967 436 1217 484 Hieronymum
1240 437 1320 471 alibi

177 498 396 544 probavimus
419 500 507 533 falso
532 499 662 534 ibidem
686 499 841 533 docuisse
866 498 1051 542 Origenem
1081 499 1115 533 in
1140 498 1322 546 Hippolyti

178 562 441 596 aemulationem
466 563 508 596 ad
531 561 801 608 interpretandas
818 560 1011 607 Scripturas
1033 574 1107 595 sese
1130 561 1321 595 accinxisse.

179 624 285 667 Igitur
310 625 362 657 vel
388 624 541 667 Catalogi
567 624 808 666 concinnator,
841 624 894 657 vel
931 624 988 670 qui
1020 623 1186 657 Codicem
1209 623 1323 669 ipsum

179 686 421 732 descripserat,
459 686 644 729 Origenem
674 688 807 733 putavit
846 689 881 720 in
919 687 1122 733 explicando
1155 686 1322 721 Psalterio

178 749 364 797 Hippolyti
388 748 596 784 imitatorem
623 760 657 784 et
679 750 789 784 filium
809 750 922 784 fuisse.
965 750 1126 784 Scribunt
1148 758 1324 795 praeterea

178 811 290 844 Josias
314 812 492 855 &inlex-us,
516 822 551 846 et
577 805 760 847 conradus'
779 813 923 847 Frisius*
943 812 977 846 in
1002 813 1165 859 Epitome
1189 813 1322 846 Biblio-

178 875 295 909 thecae
319 875 565 917 Gesnerianae,
589 876 732 922 aliique,
764 876 1005 920 Origenianam
1031 875 1187 911 Psalterii
1220 889 1323 922 expo-

177 937 339 971 sitionem
364 938 400 971 in
426 938 589 972 Caesarea
615 938 801 973 Viennensi
824 939 1042 973 Bibliotheca
1067 938 1239 972 asservari.

267 1000 379 1033 Porro
405 1013 423 1033 e
449 1001 569 1034 Tomis
594 1001 628 1034 in
652 1001 824 1035 Psalmum
849 1002 1000 1048 primum
1024 1003 1187 1036 habemus
1211 1009 1322 1047 partes

179 1063 306 1109 aliquas
332 1064 424 1109 apud
448 1063 681 1109 Epiphaniam
714 1065 814 1098 Haer.
840 1064 895 1100 64.
932 1078 1003 1110 cap.
1028 1064 1078 1107 6.,
1108 1073 1142 1098 et
1168 1063 1324 1097 Philoca-

177 1126 244 1160 liae
269 1139 341 1171 cap.
363 1126 395 1161 2.
421 1135 456 1159 et
479 1125 522 1168 3.,
546 1135 580 1160 et
604 1127 695 1172 apud
709 1127 896 1161 Eusebium
922 1127 998 1161 libr.
1012 1127 1070 1161 VI.
1095 1126 1225 1160 Hister.
1251 1138 1322 1172 cap.

177 1189 245 1230 25„
270 1198 303 1222 et
327 1188 451 1222 iterum
476 1189 567 1234 apud
580 1189 812 1235 Epiphanium
836 1190 871 1223 in
897 1191 1014 1224 eadem
1039 1190 1142 1223 Haer.
1168 1201 1240 1234 cap.
1260 1188 1325 1230 10.,

180 1262 214 1285 et
237 1253 329 1297 apud
353 1251 572 1296 Pamphilum
596 1251 631 1285 in
655 1253 906 1297 Apologetico,
930 1253 991 1286 ubi
1014 1262 1140 1286 sextam
1165 1252 1324 1285 adversus

180 1314 364 1357 Origenem
389 1314 663 1348 criminationem
678 1316 815 1349 refellit.
863 1316 1012 1349 Rursum
1031 1316 1160 1358 insigne
1174 1326 1326 1357 segmen-

180 1388 253 1410 tum
295 1390 312 1409 e
354 1378 467 1410 Tomo
501 1377 536 1410 in
564 1378 737 1411 Psalmum
769 1387 927 1423 quartum
960 1376 1070 1423 capite
1093 1376 1150 1411 25.
1190 1376 1324 1410 exhibet

178 1440 392 1481 Philocalia3
420 1450 453 1472 et
482 1440 575 1473 aliud
607 1453 624 1473 e
651 1441 913 1474 Commentariis
937 1441 972 1473 in
996 1440 1171 1473 Psalmum
1194 1450 1324 1474 sextum

179 1502 427 1549 Apologeticus
451 1499 633 1549 Pamphili,
657 1504 836 1550 septimam
863 1504 1042 1537 confutans
1066 1504 1224 1537 adversus
1246 1503 1324 1538 Ori-

179 1580 298 1610 genem
331 1567 622 1609 criminationcm;
654 1577 687 1600 et
718 1567 811 1600 aliud
844 1567 968 1600 iterum
999 1566 1090 1600 idem
1125 1566 1325 1611 Apologcti—

180 1644 255 1671 cus,
289 1640 417 1663 sextam
452 1629 722 1675 criminationem
755 1640 919 1671 tractans,
953 1642 970 1663 e
1003 1629 1266 1663 Commentariis
1291 1630 1324 1662 in

178 1694 354 1727 Psalmum
389 1694 559 1727 decimum
592 1693 769 1739 quintum3
802 1704 835 1727 et
866 1693 959 1726 aliud
992 1694 1106 1727 denuo
1133 1692 1281 1733 ibidem,
1306 1706 1323 1725 e

182 1756 445 1790 Commentariis
471 1757 504 1789 in
529 1757 704 1790 psalmum
729 1757 900 1790 decimum
925 1766 1100 1799 octavum;
1134 1765 1167 1789 ct
1190 1769 1323 1789 rursum

180 1821 271 1853 aliud
296 1820 485 1853 Philocalia
510 1820 618 1865 capite
636 1820 762 1865 prium,
788 1835 804 1853 c
824 1820 1084 1854 Commentariis
1101 1820 1135 1853 in
1150 1820 1324 1854 Psalmum

181 1884 481 1930 quadragesimum.
499 1885 530 1928 ¹)
577 1884 622 1915 At
646 1883 811 1917 Eusebius
837 1884 911 1917 libr.
931 1884 989 1916 VI.
1015 1883 1141 1916 Histor.
1169 1895 1241 1928 cap.
1268 1882 1322 1918 38.

182 1948 316 1994 profert
351 1946 553 1991 particulam
596 1960 633 1979 ex
666 1946 820 1980 Humilia
857 1948 900 1979 ad
928 1946 1104 1979 Psalmum
1136 1944 1194 1979 82.
1250 1945 1322 1978 Hae

183 2009 322 2044 omnino
348 2010 512 2055 reliquiae
539 2023 555 2042 e
581 2019 634 2042 tot
658 2008 818 2042 Homiliis
844 2018 876 2041 et
901 2008 1020 2041 Tomis
1051 2018 1248 2054 temporum
1272 2008 1323 2041 in-

181 2074 287 2122 juriae
329 2074 514 2106 subductae
551 2082 637 2105 sunt.
695 2071 1029 2106 Commentariorum
1061 2072 1096 2104 in
1135 2072 1323 2105 Proverbia

180 2140 367 2181 fragmenta
397 2136 465 2168 duo
491 2136 524 2168 in
554 2135 783 2180 Apologetico
809 2148 869 2167 suo
895 2135 1094 2180 Pamphilus
1116 2136 1157 2168 ab
1185 2135 1323 2168 interitu

183 2200 373 2235 vindicavit.
422 2198 526 2233 Aliud
558 2211 694 2244 quoque
725 2199 757 2231 in
791 2198 916 2232 Catena
948 2198 1173 2233 Mazariniana
1196 2198 1230 2232 in
1254 2199 1321 2232 Lu-

279 2332 312 2378 ¹)
338 2331 402 2365 Ed.
426 2330 550 2365 Ruaei:
577 2329 899 2378 quinquagesimum.
