1422 2472
364 103 681 136 Offloflumuonum
706 102 819 134 Lmen
843 102 902 135 111.
1123 101 1190 136 249

60 194 124 226 iam
151 193 382 239 chrysostomi
409 206 479 225 esse
511 192 737 237 deprehensae
762 201 856 232 sunt,
887 191 921 224 in
945 190 1191 224 recentioribus

62 255 268 288 editionibus
294 257 430 288 suerunt
454 253 717 299 praetermissae.

151 317 290 350 Praeter
327 317 496 359 geminum
534 316 633 348 illum
668 315 960 348 Commentariun]
995 315 1029 347 in
1067 315 1193 347 librum

61 379 163 418 Jobi,
194 378 310 411 scribit
333 377 532 411 Laurentius
556 377 756 409 Humfridus
788 377 821 409 in
855 377 998 421 epistola
1022 378 1063 410 ad
1088 379 1195 410 Anto-

61 441 156 473 nium
183 439 330 482 Canum,
357 453 441 485 quae
466 439 679 472 Erasmianae
703 438 858 481 Origenis
884 438 1027 471 editioni
1051 439 1196 484 praefixa

63 512 123 544 est,
148 503 393 548 Hieronymum
417 501 640 540 Frobenium,
667 510 699 533 et
722 500 902 534 Nicolaum
919 500 1154 545 Episcopium,
1179 514 1197 534 a

66 563 187 608 quibus
210 565 308 609 prelo
335 563 512 596 commissa
545 572 593 595 est
623 562 705 594 haec
737 562 864 602 editio,
894 562 1198 594 Annotatiunculas

67 627 226 670 quasdam
250 626 285 658 in
309 627 437 658 Jobum
464 625 494 657 ei
518 625 665 657 inserere
694 622 861 663 noluisse,
893 624 985 668 quod
1018 625 1199 668 perbreves

68 696 194 728 essent,
231 697 264 719 et
297 687 452 729 Origenis
486 685 622 728 genium
660 698 698 717 ac
734 684 848 716 stilum
886 698 1005 729 parum
1040 686 1198 718 redolere

68 748 178 780 doctis
203 749 402 793 quibusdam
428 749 631 780 viderentur.

159 810 216 844 IV.
252 811 291 842 In
323 809 553 854 manuscripto
577 808 814 841 Bibliothecae
838 809 962 852 Regiae
988 811 1117 844 Codice
1143 825 1203 844 no-

69 883 146 904 men
162 871 317 914 Origenis
341 873 489 918 praefert
513 881 607 903 vetus
622 870 911 904 Commentariun]
936 872 970 904 in
983 873 1204 916 Evangelium

71 933 192 970 Marci,
226 934 363 977 Legitur
376 947 510 979 quoque
529 933 563 965 in
578 931 753 965 Possevini
772 933 801 977 ¹)
829 937 1012 978 Apparatu,
1037 935 1152 969 haberi
1170 937 1204 969 in

73 995 258 1028 Oxoniensi
275 996 489 1029 Bibliotheca
516 994 670 1039 corporis
696 994 830 1034 Christi,
855 995 1011 1038 Origenis
1035 1010 1120 1042 opus
1145 999 1206 1031 ali-

74 1058 166 1100 quod
196 1058 230 1090 in
262 1058 428 1090 Marcum.
478 1056 678 1102 Cuiusmodi
707 1055 749 1088 sit
784 1055 873 1089 istud
906 1070 1007 1102 opus,
1047 1060 1204 1104 equidem

73 1119 204 1161 ignoro.
254 1119 359 1162 Quod
383 1119 424 1150 ad
449 1117 592 1159 Regium
617 1117 752 1156 attinet,
784 1118 969 1151 nonnullae
999 1119 1032 1151 in
1059 1133 1099 1153 eo
1125 1122 1208 1154 alle-

75 1181 207 1223 goriae,
230 1181 337 1213 multa
362 1179 584 1221 origenianae
609 1178 782 1210 doctrinae
807 1179 937 1220 affinia,
968 1193 1052 1226 quae
1076 1182 1112 1214 in
1137 1183 1209 1216 Ob-

74 1241 320 1275 servationibus
344 1241 386 1274 ad
411 1239 702 1274 commentarium
727 1240 760 1272 in
775 1240 983 1274 Matthaeum
1007 1245 1210 1286 notavimus,

79 1304 261 1346 Origenem
295 1303 451 1336 videntur
482 1311 656 1334 auctorem
687 1301 846 1335 indicare.
900 1304 975 1336 Sed-
1002 1305 1087 1338 levia
1117 1307 1210 1348 haec,

77 1374 182 1410 prout
216 1377 254 1397 ea
291 1374 386 1404 sunt,
423 1376 506 1408 quae
544 1364 748 1397 contrarium
780 1366 944 1409 probant;
978 1379 1109 1400 summa
1142 1369 1211 1401 stili

78 1426 322 1471 discrepantia,
355 1435 508 1459 constans
541 1425 697 1468 Origenis
729 1427 939 1459 consuetudo
971 1427 1005 1460 in
1031 1429 1212 1463 Commen-

77 1488 188 1530 tuiis,
213 1489 268 1521 vel
291 1501 353 1533 per
377 1488 519 1527 Tomos,
546 1487 598 1520 vel
621 1499 683 1531 per
706 1487 886 1528 Homilias,
911 1489 964 1521 vel
989 1503 1051 1533 per
1075 1492 1214 1526 Scholia

80 1550 286 1593 digerendis,
323 1562 468 1594 quorum
501 1549 542 1580 ad
575 1548 707 1580 nullum
737 1562 839 1590 genus
871 1551 1099 1594 expositiones
1131 1554 1212 1587 istae

80 1613 199 1645 referri
222 1620 382 1657 possunt;
405 1623 482 1643 nam
506 1609 701 1654 prolixitate
714 1610 850 1643 Scholia
868 1622 1037 1655 superant,
1064 1627 1080 1646 a
1096 1615 1215 1650 Tomis

81 1683 299 1719 superantur;
321 1673 362 1706 ab
387 1671 597 1705 Homiletico
624 1683 704 1703 vero
733 1684 854 1713 genere
878 1674 1012 1717 penitus
1038 1675 1212 1712 differunt.

82 1737 180 1769 Adde
203 1735 360 1780 profiteri
383 1734 583 1778 scriptorem
609 1732 734 1777 Operis
758 1733 832 1777 ipso
858 1733 975 1775 initio,
999 1738 1214 1773 redacturum

83 1811 154 1831 sese
176 1798 212 1830 in
237 1811 344 1830 unum
369 1809 510 1841 corpus,
543 1808 627 1840 quae
651 1795 691 1827 ah
716 1795 877 1827 ecclesiae
902 1797 1099 1833 doctoribus
1123 1815 1216 1846 spar-

83 1860 145 1893 sim
170 1860 206 1892 in
230 1860 319 1892 hunc
335 1858 581 1900 Evangelistam
606 1857 737 1889 fuerant
761 1866 935 1900 annotata;
961 1872 1036 1892 cum
1061 1864 1159 1896 multi
1184 1864 1217 1896 in

85 1923 294 1956 Matthaeum
327 1930 361 1954 et
383 1920 566 1959 Joannem,
600 1919 699 1963 pauci
733 1919 767 1951 in
792 1920 934 1960 Lucam,
967 1923 1053 1955 nulli
1085 1925 1218 1968 penitus

85 1985 120 2017 in
144 1985 297 2018 Rlarcum
333 1983 374 2016 ad
405 1995 502 2015 suum
532 1991 666 2025 tempus
697 1981 904 2026 scripserint,
953 1983 1113 2018 Profecto
1150 2000 1219 2019 non

88 2046 188 2078 multi
210 2056 286 2079 ante
311 2045 494 2087 Origenem
526 2043 726 2088 scripserant
759 2046 792 2076 in
818 2045 1026 2078 Matthaeum
1060 2056 1092 2079 et
1116 2049 1220 2080 Joan-

77 2119 186 2154 *nem;
214 2116 314 2152 atque
339 2107 421 2139 haec
444 2105 637 2150 sequiorem
662 2103 874 2146 Origenianis
898 2108 1109 2152 temporibus
1133 2120 1222 2142 aeta-

92 2178 160 2201 tem
196 2169 339 2213 sapiunt.
387 2168 424 2201 Si
458 2167 567 2200 minus
602 2168 642 2199 ad
677 2167 889 2211 eripiendum
923 2170 1061 2212 Origeni
1099 2172 1222 2205 librum

190 2291 220 2334 ¹)
247 2290 316 2323 Cfr.
342 2290 512 2324 Possevin.
539 2293 698 2334 Apparat.
724 2290 757 2323 in
783 2290 940 2333 Origene.
