1422 2472
378 121 690 153 Onici-:MANORUM
720 119 834 152 met
860 119 892 151 11
1160 118 1202 152 65

65 221 207 254 scopum
232 209 380 242 Joannes
407 217 594 249 creaverat,
630 208 825 251 dignitatem
860 209 1022 249 abrogare
1051 206 1199 240 studuit:

61 280 95 304 at
118 271 383 315 repugnantibus
407 271 534 311 multis,
558 271 592 303 in
617 279 770 316 apertam
793 269 996 304 seditionem
1021 268 1197 302 contentio

61 332 182 376 erupit.
236 332 380 377 Jamque
419 344 471 365 res
511 332 609 365 anuis
644 332 821 374 agebatur;
857 330 972 364 multis
1003 329 1198 370 vulneratis,

59 394 174 438 paucis
199 394 330 439 aliquot
353 393 560 434 interfectis,
593 394 651 438 qui
675 406 761 425 unus
794 392 946 425 omnium
971 391 1114 425 maxime
1139 403 1200 437 pe-

60 456 194 488 tebatur
218 454 446 500 Theophilus,
476 454 553 496 suga
584 454 648 487 sibi
682 453 873 496 consuluit3
906 446 1057 498 quamvis
1090 452 1196 486 literis

60 529 308 562 quaquaversus
338 516 468 560 missis,
506 516 548 548 ad
579 516 746 562 synodum
780 514 1039 554 celebrandam,
1077 521 1198 556 rogatu

61 577 304 624 Chrysostomi,
330 576 510 622 episcopos
534 576 700 609 Arcadius
724 575 906 611 accivisset.
956 576 1040 608 Post
1066 575 1198 608 obitum

61 648 172 672 autem
196 639 354 679 Joannis,
384 651 453 671 non
480 650 619 683 operam
650 638 763 671 solum
788 636 999 682 Theophilus
1025 637 1131 677 dedit,
1155 649 1198 669 ne

60 701 93 733 in
117 700 287 747 Diptycha
311 713 435 733 nomen
468 699 572 744 ipsius
602 700 788 732 referretur
817 701 859 733 ab
891 698 1042 732 Orientis
1067 698 1200 743 episco-

58 761 122 805 pis,
147 762 206 794 sed
229 771 268 794 ut
292 761 416 794 infame
444 761 544 794 etiam
571 762 671 803 vulgo
705 762 903 801 haberetur,
934 759 1062 804 scripto
1096 760 1139 792 ad
1163 759 1200 792 id

58 822 174 865 grandi
200 823 383 856 volumine.
434 823 537 867 Cujus
562 823 642 855 libri
662 824 886 866 fragmentum
901 822 990 855 libro
1015 834 1077 854 suo
1103 830 1197 854 sexto

59 883 240 917 Facundus
263 884 415 924 inseruit,
441 885 654 929 eundemque
682 886 722 917 ab
748 878 959 931 Hieronymo
986 883 1088 916 latine
1116 894 1197 916 con-

60 958 192 979 versum
217 946 319 979 fuisse
346 956 482 979 testatus
507 956 563 979 est.
613 946 684 978 Hae
717 946 848 980 Isidoro
880 946 1084 979 Pelusiotae*
1103 957 1196 978 caus—

59 1020 113 1040 sae
136 1008 291 1045 fuerunt,
314 1022 372 1040 cur
397 1008 631 1052 Theophilum
662 1008 808 1050 graviter
839 1001 1056 1050 coargueret,
1090 1013 1198 1042 Λιθο-

59 1071 158 1114 μανῆ
184 1069 299 1109 illum,
324 1079 357 1102 et
375 1068 624 1116 χρυσολάτριν
649 1070 843 1114 appellans,
877 1079 909 1102 et
934 1071 1118 1103 adductum
1144 1069 1196 1102 di-

61 1141 138 1161 cens
169 1130 212 1162 ad
246 1129 482 1163 insectandum
515 1131 685 1163 Joannem
720 1144 758 1163 ex
786 1131 952 1174 lsidori')
980 1130 1072 1164 illius
1096 1143 1198 1175 supra

61 1203 78 1222 a
111 1190 209 1223 nobis
242 1192 499 1224 commemorati
532 1192 727 1225 occasione:
756 1192 832 1227 Τὸν
857 1195 1033 1237 θεοᾳιλῆ,
1071 1192 1195 1237 inquit,

62 1254 123 1286 καὶ
145 1250 328 1298 θεόλογον
351 1256 644 1298 κατεπολέμησεν
666 1250 890 1301 ἄνθρωπον,
924 1256 989 1298 τὴν
1021 1253 1196 1300 περὶτῶν

64 1314 147 1358 ἐμοὶ
171 1312 371 1359 ὁμώνυμον
398 1314 599 1360 ἀπέχθειαν
623 1318 685 1349 καὶ
709 1316 943 1359 δυσμένειαν,
970 1315 1194 1361 ὁρμητήριον

62 1377 122 1418 τῆς
146 1377 280 1414 οἰκείας
303 1373 479 1422 εὑρηκότα
505 1375 727 1419 σκαιότητος.
775 1377 875 1410 Unde
906 1377 1092 1411 sozomeni
1122 1389 1197 1410 nar-

61 1437 167 1478 ratio,
201 1447 373 1482 susceptas
412 1439 570 1471 adversus
610 1438 778 1471 Isidorum
819 1439 1013 1472 inimicitias
1049 1451 1198 1472 caussam

60 1499 257 1543 Theophilo
290 1499 420 1532 dedisse
460 1497 619 1541 dicentis,
654 1514 713 1533 cur
750 1510 858 1535 tantas
891 1502 1042 1535 conciret
1072 1502 1198 1542 turbas,

60 1560 216 1593 adversus
240 1561 473 1604 Baronium2)
499 1562 728 1596 confirmatur.

149 1622 243 1655 XXI.
291 1623 450 1669 Synesius
462 1623 496 1667 3)
522 1636 671 1668 quoque,
696 1633 894 1668 temporum
918 1625 1057 1657 illorum
1077 1637 1199 1670 aequa-

60 1684 113 1723 lis,
138 1683 219 1716 licet
242 1685 304 1717 sub
325 1684 511 1729 Theophili
536 1685 667 1718 ditione
692 1686 833 1730 positus,
859 1686 892 1718 in
918 1686 1064 1731 epistola
1088 1696 1200 1719 tamen

61 1746 104 1778 ad
127 1745 238 1790 ipsum
263 1747 349 1785 data,
375 1746 514 1779 Joannis
539 1746 761 1780 nihilominus
785 1749 986 1780 memoriam
1006 1748 1104 1780 laude
1122 1761 1203 1793 pro—

62 1806 223 1852 sequitur.
273 1808 368 1840 Idem
405 1821 480 1840 cum
513 1809 554 1840 ad
587 1808 822 1854 episcopatum
849 1810 1076 1856 Cyrenensem
1101 1821 1202 1855 supe*—

62 1868 155 1909 riore
176 1882 264 1902 anno
298 1869 422 1902 invitus
454 1880 735 1914 promoveretur,
766 1872 808 1904 ad
842 1870 1204 1913 declinandum-onus,

63 1938 96 1961 et
135 1931 305 1975 populum
345 1932 601 1964 absterrendum
644 1932 783 1976 publice
828 1934 1097 1973 contestabatur,
1140 1936 1204 1966 nec

61 1992 178 2025 mundi
211 2005 385 2033 occasum,
419 2006 480 2026 nec
503 1994 788 2027 resurrectionem
816 2007 1012 2040 corporum,
1037 2007 1102 2028 nec
1131 1993 1201 2027 ani-

63 2065 132 2085 mas
156 2052 221 2098 jam
248 2053 401 2087 formatis
426 2055 527 2088 inseri
552 2055 756 2099 corporibus
780 2055 843 2088 sibi
869 2069 970 2100 posse
987 2054 1200 2100 persuaderi:

107 2189 109 2192 ’
159 2186 190 2230 ¹)
216 2186 285 2220 Cfr.
312 2189 430 2221 lsidor.
457 2189 621 2222 Pelusiot.
649 2188 724 2222 152.

156 2242 191 2284 ²)
219 2241 289 2274 Cfr.
314 2242 437 2275 Baton.
462 2257 536 2277 ann.
562 2244 638 2278 400.
665 2257 736 2288 cap.
765 2244 817 2277 58.

157 2298 190 2341 3)
218 2297 285 2329 Cfr,
315 2298 430 2343 Synes.
456 2301 553 2344 epist.
578 2300 632 2334 66.

113 2360 291 2392 Onmnms
319 2360 455 2393 OPERA.
485 2360 581 2393 Tom.
608 2360 730 2392 XXIV.
985 2363 1005 2395 5
