1413 2482
199 89 265 125 108
533 88 644 121 Pei-m
670 87 845 120 Daunius
870 86 1004 122 Hoetu

196 180 283 213 Vitia
310 178 505 220 Origeniaui
531 176 599 209 stili
631 175 841 218 notavimus;
873 177 989 210 laudes
1021 187 1217 211 notaremus
1251 191 1335 222 quo-

198 255 282 288 que,
306 241 333 274 si
358 254 426 274 non
452 239 487 272 id
512 238 578 283 jam
602 248 755 272 accurate
781 247 815 272 et
846 238 978 272 erudite
1010 239 1230 284 praestitisset
1254 240 1337 273 Era-

196 318 306 346 smus,
342 315 444 348 quem
476 300 615 334 omnino
648 300 710 334 hac
734 301 768 333 in
801 310 897 346 parte
924 300 1056 341 audiat,
1087 301 1115 334 si
1147 302 1221 347 quis
1249 303 1339 335 Ada-

199 365 327 399 mantio
353 365 456 397 favet.

287 427 331 460 ll.
379 425 460 459 Dixi
497 424 551 457 vix
586 424 766 458 scribendo
803 436 901 470 pares
939 422 1043 458 fuisse
1081 425 1251 460 notarios:
1290 427 1337 460 sic

197 489 288 523 enim
312 498 393 523 erat.
441 487 562 521 Tradit
586 486 752 520 Eusebius
783 496 914 530 septem
947 496 980 520 et
1014 487 1160 533 amplius
1189 489 1339 523 notarios

197 551 337 585 dictanti
367 550 420 584 illi
445 549 611 591 adfuisse;
646 561 716 582 non
746 548 847 582 simul
879 548 1035 594 quidem,
1065 559 1104 584 ut
1135 551 1177 584 do
1200 550 1341 585 Caesare

196 614 301 648 refert
331 612 482 653 Plinius,
522 611 579 657 qui
612 610 730 644 scribis
763 620 928 656 quatuor,
964 612 1018 644 vel
1052 612 1079 646 si
1108 611 1194 646 nihil
1230 622 1343 656 ageret

196 677 302 717 aliud,
327 685 460 721 septem
484 687 554 707 uno
578 683 736 719 tempore
755 673 914 718 dictando
933 674 1141 716 sufficiebat3
1165 675 1225 708 sed
1241 675 1343 708 alter-

198 739 323 779 natim,
368 747 402 771 et
443 736 536 770 statis
572 748 851 781 unumquemque
887 736 1027 772 vicibus.
1087 737 1158 771 Cur
1191 738 1228 770 id
1263 750 1342 781 ergo

198 810 377 846 tantopere
401 799 545 833 miretur
558 799 727 832 Baronius
753 807 867 832 caussa
890 799 985 833 nulla
1010 809 1076 842 est;
1099 813 1178 834 nam
1203 809 1236 833 et
1252 809 1344 834 tanta

197 863 264 897 fuit
279 863 405 905 ingenii
422 861 598 895 celeritate
616 861 793 904 Origenes,
818 870 976 907 tantaque
995 862 1107 897 diurni
1129 876 1168 896 ac
1184 863 1343 896 nocturni

198 926 324 960 laboris
349 923 529 970 patientia,
560 932 600 956 ut
623 923 806 957 scribentes
830 925 981 958 notarios
1005 925 1105 958 facile
1136 925 1343 968 defatigaret.

197 991 265 1024 Par
289 988 320 1021 ei
344 987 461 1021 aderat
483 985 702 1019 librariorum
727 999 897 1027 numerus,
922 1001 988 1021 una
1013 1001 1089 1021 cum
1105 987 1241 1033 puellis,
1264 1000 1345 1033 qua-

196 1064 273 1084 rum
298 1048 607 1094 compositissimae
629 1058 722 1082 erant
748 1058 781 1082 et
807 1050 1010 1083 clarissimae
1032 1050 1168 1092 literae;
1204 1051 1346 1083 horum—

199 1127 265 1159 que
298 1113 340 1145 ad
374 1111 612 1145 describendas
646 1111 753 1144 nitide
787 1124 862 1145 suas
894 1112 1164 1154 lucubrationes,
1200 1125 1270 1145 non
1301 1113 1343 1146 ad

199 1175 358 1209 dictantis
382 1175 485 1207 verba
518 1175 552 1207 in
584 1174 696 1207 literas
729 1174 926 1216 reserenda,
955 1184 993 1207 ut
1022 1175 1156 1220 putavit
1178 1173 1345 1208 Martinus

197 1239 371 1277 Polouus,
402 1249 507 1282 opera
532 1237 702 1270 utebatur.
751 1237 921 1270 Homilias
943 1246 1074 1278 autem,
1106 1250 1188 1282 quas
1212 1238 1256 1271 ad
1280 1251 1343 1284 po—

198 1301 320 1347 pulum
345 1300 490 1333 habebat
516 1300 588 1332 sere
614 1299 788 1345 quotidie,
820 1299 877 1332 alii
909 1311 948 1332 ex
975 1312 1034 1332 ore
1059 1299 1232 1345 loquentis
1256 1299 1345 1333 exci-

198 1362 356 1408 piebant,
389 1363 484 1406 quod
509 1371 586 1395 ante
611 1361 851 1404 sexagesimum
877 1361 994 1394 aetatis
1017 1374 1096 1395 suae
1121 1375 1246 1395 annum
1269 1362 1345 1398 fieri

198 1424 433 1470 prohibuerat.
483 1422 589 1467 Quod
613 1423 641 1456 si
666 1436 760 1457 secus
785 1423 903 1456 fuisset
927 1424 1074 1464 factum,
1103 1414 1346 1467 Homiliarum,

201 1499 287 1532 quae
313 1495 461 1526 exstant,
491 1498 568 1531 pars
595 1499 665 1519 non
699 1486 815 1529 exigua
846 1485 1012 1531 periisset.
1059 1486 1152 1520 Haec
1175 1500 1245 1521 non
1269 1488 1346 1522 satis

201 1548 353 1583 distinxit
376 1548 489 1582 Sixtus
514 1548 693 1588 Senensis,
719 1562 795 1581 cum
820 1548 882 1582 ait:
910 1548 1094 1592 »Origenes
1119 1549 1286 1595 quotidie,
1314 1560 1347 1584 et

201 1611 295 1658 quasi
321 1624 360 1644 ex
386 1621 541 1656 tempore
566 1610 765 1656 Scripturas
782 1613 824 1645 ad
848 1612 1018 1657 populum
1043 1613 1234 1655 enarrabat,
1260 1613 1348 1646 exci-

199 1675 373 1721 pientibus
400 1688 437 1707 ex
463 1687 523 1707 ore
557 1673 627 1720 ejus
659 1684 791 1720 septem
823 1674 980 1717 notariis,
1013 1673 1226 1720 totidemque
1250 1676 1345 1709 velo-

202 1737 343 1770 cissimis
368 1737 400 1769 in
425 1736 605 1770 scribendo
624 1737 761 1783 puellis,
784 1738 928 1784 aliisque
952 1737 1185 1783 scriptoribus,
1209 1738 1268 1783 qui
1291 1752 1345 1772 eas

201 1799 434 1846 (conciones)
473 1801 515 1833 ad
560 1800 809 1834 monimentum
849 1800 1057 1846 posteritatis
1093 1800 1344 1835 tradideram«

202 1865 323 1907 Neque
347 1874 424 1894 sane
456 1861 491 1894 id
522 1862 605 1896 dixit
629 1863 844 1909 Pamphilus,
876 1877 977 1909 quem
1001 1872 1121 1897 testem
1153 1863 1252 1906 citat;
1287 1865 1346 1899 sed

202 1925 290 1959 illud
316 1925 491 1957 duntaxat:
530 1926 739 1971 »praecipue
765 1939 845 1959 vero
877 1938 939 1970 per
970 1937 1028 1958 eos
1052 1934 1226 1966 tractatus,
1259 1939 1345 1971 quos

204 1999 292 2033 pene
323 1986 476 2031 quotidie
508 1986 542 2020 in
568 1988 709 2021 ecelesia
742 1988 885 2021 habebat
917 2000 953 2020 ex
986 1996 1158 2033 tempore;
1194 2001 1280 2034 quos
1312 1999 1345 2022 et

204 2049 432 2084 describentes
447 2050 569 2082 notarii
587 2051 627 2083 ad
645 2050 893 2084 monimentum
911 2049 1117 2094 posteritatis
1135 2051 1344 2085 tradebant.«

297 2113 358 2148 Ill.
411 2113 494 2145 Inde
534 2125 638 2156 porro
679 2112 880 2158 scriptiones
911 2112 1066 2155 Origenis
1106 2126 1176 2147 esse
1214 2096 1344 2148 vitiatas

205 2188 306 2220 supra
341 2175 543 2208 notavimus.
596 2176 642 2208 At
678 2175 857 2208 serendum
889 2174 975 2208 illud
1013 2185 1103 2217 erat,
1137 2175 1165 2209 si
1199 2189 1268 2210 non
1301 2190 1342 2210 eo

207 2237 308 2270 etiam
332 2237 522 2271 accessisset
546 2238 713 2270 malorum
730 2238 907 2270 hominum
926 2238 1086 2283 nequitia,
1111 2251 1241 2272 errores
1265 2251 1343 2272 suos

203 2300 300 2335 malis
324 2300 449 2334 artibus
472 2300 771 2347 propugnantium,
797 2311 829 2334 et
854 2300 970 2336 alienis
995 2301 1154 2349 operibus
1172 2302 1338 2336 adulteras
