<?xml version="1.0" encoding="UTF-8"?>
<!DOCTYPE html PUBLIC "-//W3C//DTD XHTML 1.0 Transitional//EN"
    "http://www.w3.org/TR/xhtml1/DTD/xhtml1-transitional.dtd">
<html xmlns="http://www.w3.org/1999/xhtml" xml:lang="en" lang="en">
 <head>
  <title>
</title>
<meta http-equiv="Content-Type" content="text/html;charset=utf-8" />
  <meta name='ocr-system' content='tesseract 3.04.00' />
  <meta name='ocr-capabilities' content='ocr_page ocr_carea ocr_par ocr_line ocrx_word'/>
</head>
<body>
  <div class='ocr_page' id='page_1' title='image "./operaomniaquaegr24orig/operaomniaquaegr24orig_0126.png"; bbox 0 0 1413 2482; ppageno 0'>
   <div class='ocr_carea' id='block_1_1' title="bbox 184 77 995 116">
    <p class='ocr_par' dir='ltr' id='par_1_1' title="bbox 184 77 995 116">
     <span class='ocr_line' id='line_1_1' title="bbox 184 77 995 116; baseline -0.004 0"><span class='ocrx_word' id='word_1_1' title='bbox 184 80 251 116; x_wconf 68' lang='lat'>114</span> <span class='ocrx_word' id='word_1_2' title='bbox 526 78 640 112; x_wconf 68' lang='lat' dir='ltr'>Perat</span> <span class='ocrx_word' id='word_1_3' title='bbox 664 78 836 112; x_wconf 63' lang='lat' dir='ltr'>Dmums</span> <span class='ocrx_word' id='word_1_4' title='bbox 861 77 995 113; x_wconf 69' lang='lat' dir='ltr'>Hoetu</span> 
     </span>
    </p>
   </div>
   <div class='ocr_carea' id='block_1_2' title="bbox 178 168 1343 2295">
    <p class='ocr_par' dir='ltr' id='par_1_2' title="bbox 185 168 1335 280">
     <span class='ocr_line' id='line_1_2' title="bbox 186 168 1335 215; baseline -0.002 -10"><span class='ocrx_word' id='word_1_5' title='bbox 186 170 329 204; x_wconf 75' lang='lat' dir='ltr'>texuisse</span> <span class='ocrx_word' id='word_1_6' title='bbox 353 183 388 203; x_wconf 84' lang='lat' dir='ltr'>se</span> <span class='ocrx_word' id='word_1_7' title='bbox 413 168 558 210; x_wconf 81' lang='lat' dir='ltr'>scribat,</span> <span class='ocrx_word' id='word_1_8' title='bbox 590 181 660 201; x_wconf 90' lang='lat' dir='ltr'>non</span> <span class='ocrx_word' id='word_1_9' title='bbox 685 180 803 202; x_wconf 89' lang='lat' dir='ltr'>omnes</span> <span class='ocrx_word' id='word_1_10' title='bbox 828 176 941 202; x_wconf 81' lang='lat' dir='ltr'>tamen</span> <span class='ocrx_word' id='word_1_11' title='bbox 971 169 1013 203; x_wconf 85' lang='lat' dir='ltr'>ad</span> <span class='ocrx_word' id='word_1_12' title='bbox 1044 169 1151 215; x_wconf 78' lang='lat' dir='ltr'>ipsius</span> <span class='ocrx_word' id='word_1_13' title='bbox 1175 168 1335 203; x_wconf 75' lang='lat' dir='ltr'>notitiam</span> 
     </span>
     <span class='ocr_line' id='line_1_3' title="bbox 185 230 618 280; baseline -0.012 -11"><span class='ocrx_word' id='word_1_14' title='bbox 185 232 378 280; x_wconf 83' lang='lat' dir='ltr'>pervenisse</span> <span class='ocrx_word' id='word_1_15' title='bbox 403 230 618 265; x_wconf 78' lang='lat' dir='ltr'>crediderim.</span> 
     </span>
    </p>

    <p class='ocr_par' dir='ltr' id='par_1_3' title="bbox 181 292 1343 2107">
     <span class='ocr_line' id='line_1_4' title="bbox 278 292 1332 341; baseline -0.001 -11"><span class='ocrx_word' id='word_1_16' title='bbox 278 297 330 330; x_wconf 89' lang='lat' dir='ltr'>Ne</span> <span class='ocrx_word' id='word_1_17' title='bbox 355 294 430 341; x_wconf 87' lang='lat' dir='ltr'>quis</span> <span class='ocrx_word' id='word_1_18' title='bbox 446 307 528 328; x_wconf 78' lang='lat' dir='ltr'>vero</span> <span class='ocrx_word' id='word_1_19' title='bbox 555 303 689 328; x_wconf 87' lang='lat' dir='ltr'>censeat</span> <span class='ocrx_word' id='word_1_20' title='bbox 705 307 760 329; x_wconf 89' lang='lat' dir='ltr'>sex</span> <span class='ocrx_word' id='word_1_21' title='bbox 776 292 835 328; x_wconf 78' lang='lat' dir='ltr'>illa</span> <span class='ocrx_word' id='word_1_22' title='bbox 855 294 1024 328; x_wconf 86' lang='lat' dir='ltr'>librorum</span> <span class='ocrx_word' id='word_1_23' title='bbox 1039 294 1158 337; x_wconf 87' lang='lat' dir='ltr'>millia,</span> <span class='ocrx_word' id='word_1_24' title='bbox 1181 295 1211 329; x_wconf 83' lang='lat' dir='ltr'>si</span> <span class='ocrx_word' id='word_1_25' title='bbox 1226 296 1332 330; x_wconf 88' lang='lat' dir='ltr'>modo</span> 
     </span>
     <span class='ocr_line' id='line_1_5' title="bbox 187 356 1336 404; baseline -0.002 -9"><span class='ocrx_word' id='word_1_26' title='bbox 187 359 336 395; x_wconf 83' lang='lat' dir='ltr'>totidem</span> <span class='ocrx_word' id='word_1_27' title='bbox 359 359 403 392; x_wconf 91' lang='lat' dir='ltr'>ab</span> <span class='ocrx_word' id='word_1_28' title='bbox 429 356 579 401; x_wconf 76' lang='lat' dir='ltr'>Origene</span> <span class='ocrx_word' id='word_1_29' title='bbox 602 357 723 404; x_wconf 88' lang='lat' dir='ltr'>scripti</span> <span class='ocrx_word' id='word_1_30' title='bbox 752 367 847 400; x_wconf 90' lang='lat' dir='ltr'>sunt,</span> <span class='ocrx_word' id='word_1_31' title='bbox 878 357 1026 403; x_wconf 84' lang='lat' dir='ltr'>ingentia</span> <span class='ocrx_word' id='word_1_32' title='bbox 1049 358 1215 404; x_wconf 75' lang='lat' dir='ltr'>quaedam</span> <span class='ocrx_word' id='word_1_33' title='bbox 1238 360 1336 394; x_wconf 83' lang='lat' dir='ltr'>volu-</span> 
     </span>
     <span class='ocr_line' id='line_1_6' title="bbox 187 420 1334 468; baseline -0.002 -11"><span class='ocrx_word' id='word_1_34' title='bbox 187 423 281 457; x_wconf 82' lang='lat' dir='ltr'>mina</span> <span class='ocrx_word' id='word_1_35' title='bbox 311 421 434 463; x_wconf 76' lang='lat' dir='ltr'>fuisse,</span> <span class='ocrx_word' id='word_1_36' title='bbox 468 420 661 468; x_wconf 81' lang='lat' dir='ltr'>cujusmodi</span> <span class='ocrx_word' id='word_1_37' title='bbox 696 430 780 467; x_wconf 87' lang='lat' dir='ltr'>puta</span> <span class='ocrx_word' id='word_1_38' title='bbox 811 421 909 468; x_wconf 84' lang='lat' dir='ltr'>Opus</span> <span class='ocrx_word' id='word_1_39' title='bbox 944 431 1063 456; x_wconf 85' lang='lat' dir='ltr'>contra</span> <span class='ocrx_word' id='word_1_40' title='bbox 1094 421 1250 465; x_wconf 86' lang='lat' dir='ltr'>Celsum,</span> <span class='ocrx_word' id='word_1_41' title='bbox 1278 423 1334 457; x_wconf 78' lang='lat' dir='ltr'>vel</span> 
     </span>
     <span class='ocr_line' id='line_1_7' title="bbox 188 484 1336 534; baseline -0.002 -12"><span class='ocrx_word' id='word_1_42' title='bbox 188 487 288 533; x_wconf 85' lang='lat' dir='ltr'>Opus</span> <span class='ocrx_word' id='word_1_43' title='bbox 311 487 396 534; x_wconf 79' lang='grc' dir='ltr'>περὶ</span> <span class='ocrx_word' id='word_1_44' title='bbox 419 484 564 531; x_wconf 79' lang='grc' dir='ltr'><em>ἀρχῶν,</em></span> <span class='ocrx_word' id='word_1_45' title='bbox 595 485 648 519; x_wconf 82' lang='lat' dir='ltr'>vel</span> <span class='ocrx_word' id='word_1_46' title='bbox 675 484 780 518; x_wconf 85' lang='lat' dir='ltr'>Tomi</span> <span class='ocrx_word' id='word_1_47' title='bbox 803 484 838 518; x_wconf 90' lang='lat' dir='ltr'>in</span> <span class='ocrx_word' id='word_1_48' title='bbox 863 485 1053 527; x_wconf 83' lang='lat' dir='ltr'>Joannem,</span> <span class='ocrx_word' id='word_1_49' title='bbox 1084 485 1139 519; x_wconf 86' lang='lat' dir='ltr'>vel</span> <span class='ocrx_word' id='word_1_50' title='bbox 1163 485 1336 520; x_wconf 84' lang='lat' dir='ltr'>Homiliae</span> 
     </span>
     <span class='ocr_line' id='line_1_8' title="bbox 188 548 1338 594; baseline -0.001 -10"><span class='ocrx_word' id='word_1_51' title='bbox 188 550 225 584; x_wconf 81' lang='lat' dir='ltr'>in</span> <span class='ocrx_word' id='word_1_52' title='bbox 258 551 396 584; x_wconf 81' lang='lat' dir='ltr'>Lucam.</span> <span class='ocrx_word' id='word_1_53' title='bbox 449 548 627 594; x_wconf 80' lang='lat' dir='ltr'>Epistulae</span> <span class='ocrx_word' id='word_1_54' title='bbox 662 548 832 592; x_wconf 83' lang='lat' dir='ltr'>singulae,</span> <span class='ocrx_word' id='word_1_55' title='bbox 867 548 992 593; x_wconf 85' lang='lat' dir='ltr'>singuli</span> <span class='ocrx_word' id='word_1_56' title='bbox 1026 548 1151 590; x_wconf 82' lang='lat' dir='ltr'>Tomi,</span> <span class='ocrx_word' id='word_1_57' title='bbox 1185 549 1338 594; x_wconf 76' lang='lat' dir='ltr'>singulae</span> 
     </span>
     <span class='ocr_line' id='line_1_9' title="bbox 187 611 1339 658; baseline 0 -11"><span class='ocrx_word' id='word_1_58' title='bbox 187 613 382 655; x_wconf 81' lang='lat' dir='ltr'>Homiliae,</span> <span class='ocrx_word' id='word_1_59' title='bbox 409 625 473 646; x_wconf 90' lang='lat' dir='ltr'>suo</span> <span class='ocrx_word' id='word_1_60' title='bbox 499 625 654 658; x_wconf 86' lang='lat' dir='ltr'>quaeque</span> <span class='ocrx_word' id='word_1_61' title='bbox 678 612 781 646; x_wconf 89' lang='lat' dir='ltr'>titulo</span> <span class='ocrx_word' id='word_1_62' title='bbox 807 621 841 646; x_wconf 88' lang='lat' dir='ltr'>et</span> <span class='ocrx_word' id='word_1_63' title='bbox 863 612 1004 647; x_wconf 83' lang='lat' dir='ltr'>nomine</span> <span class='ocrx_word' id='word_1_64' title='bbox 1027 611 1067 646; x_wconf 84' lang='lat' dir='ltr'>iu</span> <span class='ocrx_word' id='word_1_65' title='bbox 1086 613 1176 647; x_wconf 86' lang='lat' dir='ltr'>hunc</span> <span class='ocrx_word' id='word_1_66' title='bbox 1200 626 1339 647; x_wconf 80' lang='lat' dir='ltr'>censum</span> 
     </span>
     <span class='ocr_line' id='line_1_10' title="bbox 188 675 1340 723; baseline -0.002 -10"><span class='ocrx_word' id='word_1_67' title='bbox 188 687 375 722; x_wconf 77' lang='lat' dir='ltr'>venerunt3</span> <span class='ocrx_word' id='word_1_68' title='bbox 398 686 499 723; x_wconf 86' lang='lat' dir='ltr'>atque</span> <span class='ocrx_word' id='word_1_69' title='bbox 524 675 574 710; x_wconf 82' lang='lat' dir='ltr'>ita</span> <span class='ocrx_word' id='word_1_70' title='bbox 598 675 699 710; x_wconf 82' lang='lat' dir='ltr'>facile</span> <span class='ocrx_word' id='word_1_71' title='bbox 723 675 839 719; x_wconf 83' lang='lat' dir='ltr'>ingens</span> <span class='ocrx_word' id='word_1_72' title='bbox 855 675 915 709; x_wconf 86' lang='lat' dir='ltr'>ille</span> <span class='ocrx_word' id='word_1_73' title='bbox 938 689 1098 710; x_wconf 89' lang='lat' dir='ltr'>numerus</span> <span class='ocrx_word' id='word_1_74' title='bbox 1113 676 1256 723; x_wconf 86' lang='lat' dir='ltr'>prodiit,</span> <span class='ocrx_word' id='word_1_75' title='bbox 1280 676 1340 723; x_wconf 81' lang='lat' dir='ltr'>qui</span> 
     </span>
     <span class='ocr_line' id='line_1_11' title="bbox 188 738 1339 790; baseline -0.002 -14"><span class='ocrx_word' id='word_1_76' title='bbox 188 753 253 776; x_wconf 90' lang='lat' dir='ltr'>nec</span> <span class='ocrx_word' id='word_1_77' title='bbox 275 751 414 788; x_wconf 81' lang='lat' dir='ltr'>superat</span> <span class='ocrx_word' id='word_1_78' title='bbox 436 740 553 781; x_wconf 81' lang='lat' dir='ltr'>fidem,</span> <span class='ocrx_word' id='word_1_79' title='bbox 577 753 640 774; x_wconf 83' lang='lat' dir='ltr'>nec</span> <span class='ocrx_word' id='word_1_80' title='bbox 664 738 764 790; x_wconf 83' lang='lat' dir='ltr'>valde</span> <span class='ocrx_word' id='word_1_81' title='bbox 787 739 954 774; x_wconf 83' lang='lat' dir='ltr'>mirabilis</span> <span class='ocrx_word' id='word_1_82' title='bbox 978 749 1039 774; x_wconf 81' lang='lat' dir='ltr'>est.</span> <span class='ocrx_word' id='word_1_83' title='bbox 1085 739 1212 774; x_wconf 78' lang='lat' dir='ltr'>Fertur</span> <span class='ocrx_word' id='word_1_84' title='bbox 1228 740 1339 788; x_wconf 74' lang='lat' dir='ltr'>Didy-</span> 
     </span>
     <span class='ocr_line' id='line_1_12' title="bbox 188 802 1341 844; baseline -0.002 -5"><span class='ocrx_word' id='word_1_85' title='bbox 188 818 264 839; x_wconf 88' lang='lat' dir='ltr'>mus</span> <span class='ocrx_word' id='word_1_86' title='bbox 294 802 542 838; x_wconf 85' lang='lat' dir='ltr'>Alexandrinus</span> <span class='ocrx_word' id='word_1_87' title='bbox 575 802 824 838; x_wconf 77' lang='lat' dir='ltr'>Grammaticus</span> <span class='ocrx_word' id='word_1_88' title='bbox 855 803 897 837; x_wconf 91' lang='lat' dir='ltr'>ad</span> <span class='ocrx_word' id='word_1_89' title='bbox 914 802 993 837; x_wconf 74' lang='lat' dir='ltr'>&#39;tria</span> <span class='ocrx_word' id='word_1_90' title='bbox 1022 802 1130 838; x_wconf 87' lang='lat' dir='ltr'>millia</span> <span class='ocrx_word' id='word_1_91' title='bbox 1161 803 1341 844; x_wconf 83' lang='lat' dir='ltr'>librorum,</span> 
     </span>
     <span class='ocr_line' id='line_1_13' title="bbox 190 865 1341 914; baseline -0.002 -12"><span class='ocrx_word' id='word_1_92' title='bbox 190 878 225 902; x_wconf 89' lang='lat' dir='ltr'>et</span> <span class='ocrx_word' id='word_1_93' title='bbox 260 867 461 914; x_wconf 87' lang='lat' dir='ltr'>quingentos</span> <span class='ocrx_word' id='word_1_94' title='bbox 496 866 679 913; x_wconf 84' lang='lat' dir='ltr'>scripsisse.</span> <span class='ocrx_word' id='word_1_95' title='bbox 733 868 857 901; x_wconf 77' lang='lat' dir='ltr'>Narrat</span> <span class='ocrx_word' id='word_1_96' title='bbox 890 866 1060 910; x_wconf 80' lang='lat' dir='ltr'>Georgius</span> <span class='ocrx_word' id='word_1_97' title='bbox 1093 865 1341 901; x_wconf 83' lang='lat' dir='ltr'>Alexandrinus</span> 
     </span>
     <span class='ocr_line' id='line_1_14' title="bbox 188 929 1342 978; baseline -0.002 -12"><span class='ocrx_word' id='word_1_98' title='bbox 188 932 265 978; x_wconf 82' lang='lat' dir='ltr'>pios</span> <span class='ocrx_word' id='word_1_99' title='bbox 289 931 456 978; x_wconf 84' lang='lat' dir='ltr'>quosdam</span> <span class='ocrx_word' id='word_1_100' title='bbox 481 930 573 964; x_wconf 78' lang='lat' dir='ltr'>viros</span> <span class='ocrx_word' id='word_1_101' title='bbox 604 939 686 977; x_wconf 83' lang='lat' dir='ltr'>post</span> <span class='ocrx_word' id='word_1_102' title='bbox 711 929 949 976; x_wconf 79' lang='lat' dir='ltr'>Chrysostomi</span> <span class='ocrx_word' id='word_1_103' title='bbox 967 939 1138 972; x_wconf 84' lang='lat' dir='ltr'>mortem,</span> <span class='ocrx_word' id='word_1_104' title='bbox 1171 929 1342 964; x_wconf 78' lang='lat' dir='ltr'>Humilias</span> 
     </span>
     <span class='ocr_line' id='line_1_15' title="bbox 190 992 1340 1042; baseline -0.002 -14"><span class='ocrx_word' id='word_1_105' title='bbox 190 994 261 1042; x_wconf 86' lang='lat' dir='ltr'>ejus</span> <span class='ocrx_word' id='word_1_106' title='bbox 298 994 506 1038; x_wconf 83' lang='lat' dir='ltr'>octingentas</span> <span class='ocrx_word' id='word_1_107' title='bbox 544 1007 647 1039; x_wconf 84' lang='lat' dir='ltr'>supra</span> <span class='ocrx_word' id='word_1_108' title='bbox 677 1002 824 1040; x_wconf 86' lang='lat' dir='ltr'>quatuor</span> <span class='ocrx_word' id='word_1_109' title='bbox 858 992 972 1034; x_wconf 85' lang='lat' dir='ltr'>mille,</span> <span class='ocrx_word' id='word_1_110' title='bbox 1010 1006 1087 1027; x_wconf 89' lang='lat' dir='ltr'>cum</span> <span class='ocrx_word' id='word_1_111' title='bbox 1120 1005 1240 1026; x_wconf 87' lang='lat' dir='ltr'>omnes</span> <span class='ocrx_word' id='word_1_112' title='bbox 1270 1005 1340 1027; x_wconf 89' lang='lat' dir='ltr'>non</span> 
     </span>
     <span class='ocr_line' id='line_1_16' title="bbox 188 1054 1341 1104; baseline -0.001 -13"><span class='ocrx_word' id='word_1_113' title='bbox 188 1067 340 1104; x_wconf 83' lang='lat' dir='ltr'>possent,</span> <span class='ocrx_word' id='word_1_114' title='bbox 363 1057 399 1091; x_wconf 88' lang='lat' dir='ltr'>in</span> <span class='ocrx_word' id='word_1_115' title='bbox 423 1070 529 1091; x_wconf 85' lang='lat' dir='ltr'>unum</span> <span class='ocrx_word' id='word_1_116' title='bbox 554 1056 742 1100; x_wconf 84' lang='lat' dir='ltr'>collegisse.</span> <span class='ocrx_word' id='word_1_117' title='bbox 780 1055 926 1088; x_wconf 82' lang='lat' dir='ltr'><strong>Tantam</strong></span> <span class='ocrx_word' id='word_1_118' title='bbox 943 1069 1025 1089; x_wconf 83' lang='lat' dir='ltr'>vero</span> <span class='ocrx_word' id='word_1_119' title='bbox 1051 1055 1220 1090; x_wconf 85' lang='lat' dir='ltr'>librorum</span> <span class='ocrx_word' id='word_1_120' title='bbox 1232 1054 1341 1103; x_wconf 82' lang='lat' dir='ltr'>Chry-</span> 
     </span>
     <span class='ocr_line' id='line_1_17' title="bbox 189 1117 1343 1166; baseline -0.001 -12"><span class='ocrx_word' id='word_1_121' title='bbox 189 1119 334 1154; x_wconf 85' lang='lat' dir='ltr'>sostomi</span> <span class='ocrx_word' id='word_1_122' title='bbox 359 1119 512 1166; x_wconf 74' lang='lat' dir='ltr'>ejusdem</span> <span class='ocrx_word' id='word_1_123' title='bbox 536 1119 672 1165; x_wconf 81' lang='lat' dir='ltr'>copiam</span> <span class='ocrx_word' id='word_1_124' title='bbox 696 1118 800 1152; x_wconf 87' lang='lat' dir='ltr'>fuisse</span> <span class='ocrx_word' id='word_1_125' title='bbox 825 1118 928 1152; x_wconf 84' lang='lat' dir='ltr'>tradit</span> <span class='ocrx_word' id='word_1_126' title='bbox 944 1117 1078 1162; x_wconf 81' lang='lat' dir='ltr'>suidas,</span> <span class='ocrx_word' id='word_1_127' title='bbox 1101 1128 1139 1153; x_wconf 88' lang='lat' dir='ltr'>ut</span> <span class='ocrx_word' id='word_1_128' title='bbox 1161 1131 1343 1153; x_wconf 87' lang='lat' dir='ltr'>numerum</span> 
     </span>
     <span class='ocr_line' id='line_1_18' title="bbox 189 1180 1342 1229; baseline 0 -13"><span class='ocrx_word' id='word_1_129' title='bbox 189 1192 402 1229; x_wconf 82' lang='lat' dir='ltr'>superarent:</span> <span class='ocrx_word' id='word_1_130' title='bbox 436 1192 511 1216; x_wconf 89' lang='lat' dir='ltr'>tum</span> <span class='ocrx_word' id='word_1_131' title='bbox 535 1182 630 1228; x_wconf 83' lang='lat' dir='ltr'>quasi</span> <span class='ocrx_word' id='word_1_132' title='bbox 660 1195 733 1215; x_wconf 86' lang='lat' dir='ltr'>rem</span> <span class='ocrx_word' id='word_1_133' title='bbox 756 1194 829 1215; x_wconf 89' lang='lat' dir='ltr'>non</span> <span class='ocrx_word' id='word_1_134' title='bbox 859 1180 937 1214; x_wconf 85' lang='lat' dir='ltr'>satis</span> <span class='ocrx_word' id='word_1_135' title='bbox 961 1181 1196 1225; x_wconf 81' lang='lat' dir='ltr'>significasset,</span> <span class='ocrx_word' id='word_1_136' title='bbox 1226 1183 1342 1218; x_wconf 86' lang='lat' dir='ltr'>addit:</span> 
     </span>
     <span class='ocr_line' id='line_1_19' title="bbox 193 1243 1340 1293; baseline 0.003 -13"><span class='ocrx_word' id='word_1_137' title='bbox 193 1247 278 1281; x_wconf 85' lang='grc' dir='ltr'>Τῶν</span> <span class='ocrx_word' id='word_1_138' title='bbox 303 1246 343 1282; x_wconf 77' lang='grc' dir='ltr'>δὲ</span> <span class='ocrx_word' id='word_1_139' title='bbox 369 1243 674 1292; x_wconf 71' lang='grc' dir='ltr'><em>συγγραμμάτων</em></span> <span class='ocrx_word' id='word_1_140' title='bbox 696 1243 808 1280; x_wconf 79' lang='grc' dir='ltr'><em>αὑτοῦ</em></span> <span class='ocrx_word' id='word_1_141' title='bbox 835 1246 1050 1291; x_wconf 77' lang='grc' dir='ltr'><em>καταλέγειν</em></span> <span class='ocrx_word' id='word_1_142' title='bbox 1074 1244 1140 1282; x_wconf 74' lang='grc' dir='ltr'>τὸν</span> <span class='ocrx_word' id='word_1_143' title='bbox 1164 1245 1340 1293; x_wconf 74' lang='grc' dir='ltr'>ἀριθμὸν,</span> 
     </span>
     <span class='ocr_line' id='line_1_20' title="bbox 191 1306 1339 1355; baseline 0.001 -11"><span class='ocrx_word' id='word_1_144' title='bbox 191 1308 258 1344; x_wconf 83' lang='grc' dir='ltr'>οὐκ</span> <span class='ocrx_word' id='word_1_145' title='bbox 283 1307 506 1355; x_wconf 75' lang='grc' dir='ltr'><em>ἀνθρώπου,</em></span> <span class='ocrx_word' id='word_1_146' title='bbox 540 1309 630 1343; x_wconf 74' lang='grc' dir='ltr'>θεῡῦ</span> <span class='ocrx_word' id='word_1_147' title='bbox 663 1308 703 1343; x_wconf 80' lang='grc' dir='ltr'>δὲ</span> <span class='ocrx_word' id='word_1_148' title='bbox 729 1309 875 1351; x_wconf 75' lang='grc' dir='ltr'><em>μᾶλλον</em></span> <span class='ocrx_word' id='word_1_149' title='bbox 906 1309 970 1342; x_wconf 85' lang='grc' dir='ltr'>τοῦ</span> <span class='ocrx_word' id='word_1_150' title='bbox 1002 1307 1045 1342; x_wconf 74' lang='grc' dir='ltr'>τὰ</span> <span class='ocrx_word' id='word_1_151' title='bbox 1075 1306 1198 1344; x_wconf 81' lang='grc' dir='ltr'><em>πάντα</em></span> <span class='ocrx_word' id='word_1_152' title='bbox 1222 1307 1339 1355; x_wconf 77' lang='grc' dir='ltr'>γινώ-</span> 
     </span>
     <span class='ocr_line' id='line_1_21' title="bbox 188 1370 1341 1417; baseline -0.001 -10"><span class='ocrx_word' id='word_1_153' title='bbox 188 1383 348 1411; x_wconf 80' lang='grc' dir='ltr'><em>σκοντος.</em></span> <span class='ocrx_word' id='word_1_154' title='bbox 396 1370 524 1404; x_wconf 82' lang='lat' dir='ltr'>Fertur</span> <span class='ocrx_word' id='word_1_155' title='bbox 549 1370 753 1403; x_wconf 85' lang='lat' dir='ltr'>Theodorus</span> <span class='ocrx_word' id='word_1_156' title='bbox 777 1370 1044 1415; x_wconf 82' lang='lat' dir='ltr'>Mopsuestenus</span> <span class='ocrx_word' id='word_1_157' title='bbox 1070 1370 1253 1417; x_wconf 83' lang='lat' dir='ltr'>plusquam</span> <span class='ocrx_word' id='word_1_158' title='bbox 1282 1372 1341 1406; x_wconf 80' lang='lat' dir='ltr'>de—</span> 
     </span>
     <span class='ocr_line' id='line_1_22' title="bbox 189 1431 1339 1479; baseline 0.002 -11"><span class='ocrx_word' id='word_1_159' title='bbox 189 1445 264 1468; x_wconf 85' lang='lat' dir='ltr'>cem</span> <span class='ocrx_word' id='word_1_160' title='bbox 288 1433 505 1467; x_wconf 80' lang='lat' dir='ltr'>voluminum</span> <span class='ocrx_word' id='word_1_161' title='bbox 529 1432 639 1466; x_wconf 78' lang='lat' dir='ltr'>millia</span> <span class='ocrx_word' id='word_1_162' title='bbox 664 1431 828 1473; x_wconf 83' lang='lat' dir='ltr'>edidisse,</span> <span class='ocrx_word' id='word_1_163' title='bbox 854 1432 1074 1479; x_wconf 84' lang='lat' dir='ltr'>Raymundus</span> <span class='ocrx_word' id='word_1_164' title='bbox 1099 1447 1180 1468; x_wconf 82' lang='lat' dir='ltr'>vero</span> <span class='ocrx_word' id='word_1_165' title='bbox 1205 1434 1339 1471; x_wconf 79' lang='lat' dir='ltr'>Lullius</span> 
     </span>
     <span class='ocr_line' id='line_1_23' title="bbox 186 1485 1339 1543; baseline 0.003 -13"><span class='ocrx_word' id='word_1_166' title='bbox 186 1496 367 1543; x_wconf 80' lang='lat' dir='ltr'>plusquam</span> <span class='ocrx_word' id='word_1_167' title='bbox 391 1504 547 1542; x_wconf 83' lang='lat' dir='ltr'>quatuor.</span> <span class='ocrx_word' id='word_1_168' title='bbox 590 1485 722 1531; x_wconf 33' lang='lat' dir='ltr'>*Caussa</span> <span class='ocrx_word' id='word_1_169' title='bbox 745 1494 850 1538; x_wconf 80' lang='lat' dir='ltr'>igitur</span> <span class='ocrx_word' id='word_1_170' title='bbox 872 1508 943 1529; x_wconf 89' lang='lat' dir='ltr'>non</span> <span class='ocrx_word' id='word_1_171' title='bbox 968 1505 1057 1538; x_wconf 84' lang='lat' dir='ltr'>erat,</span> <span class='ocrx_word' id='word_1_172' title='bbox 1081 1511 1142 1532; x_wconf 88' lang='lat' dir='ltr'>cur</span> <span class='ocrx_word' id='word_1_173' title='bbox 1163 1511 1220 1533; x_wconf 89' lang='lat' dir='ltr'>sex</span> <span class='ocrx_word' id='word_1_174' title='bbox 1243 1499 1339 1534; x_wconf 85' lang='lat' dir='ltr'>mille</span> 
     </span>
     <span class='ocr_line' id='line_1_24' title="bbox 185 1558 1341 1605; baseline 0.004 -13"><span class='ocrx_word' id='word_1_175' title='bbox 185 1559 295 1593; x_wconf 84' lang='lat' dir='ltr'>libros</span> <span class='ocrx_word' id='word_1_176' title='bbox 318 1559 361 1592; x_wconf 81' lang='lat' dir='ltr'>ab</span> <span class='ocrx_word' id='word_1_177' title='bbox 385 1558 536 1602; x_wconf 82' lang='lat' dir='ltr'>Origene</span> <span class='ocrx_word' id='word_1_178' title='bbox 567 1558 672 1593; x_wconf 81' lang='lat' dir='ltr'>fuisse</span> <span class='ocrx_word' id='word_1_179' title='bbox 694 1558 841 1605; x_wconf 80' lang='lat' dir='ltr'>scriptos</span> <span class='ocrx_word' id='word_1_180' title='bbox 865 1567 935 1593; x_wconf 86' lang='lat' dir='ltr'>tam</span> <span class='ocrx_word' id='word_1_181' title='bbox 959 1559 1151 1605; x_wconf 78' lang='lat' dir='ltr'>praefracta</span> <span class='ocrx_word' id='word_1_182' title='bbox 1174 1574 1341 1596; x_wconf 81' lang='lat' dir='ltr'>assevera-</span> 
     </span>
     <span class='ocr_line' id='line_1_25' title="bbox 185 1620 1338 1670; baseline 0.004 -16"><span class='ocrx_word' id='word_1_183' title='bbox 185 1620 281 1655; x_wconf 82' lang='lat' dir='ltr'>tione</span> <span class='ocrx_word' id='word_1_184' title='bbox 314 1621 546 1669; x_wconf 79' lang='lat' dir='ltr'>Hieronymus</span> <span class='ocrx_word' id='word_1_185' title='bbox 566 1621 803 1665; x_wconf 69' lang='lat' dir='ltr'>,infitiaretur3</span> <span class='ocrx_word' id='word_1_186' title='bbox 836 1635 913 1656; x_wconf 85' lang='lat' dir='ltr'>cum</span> <span class='ocrx_word' id='word_1_187' title='bbox 948 1636 1026 1657; x_wconf 88' lang='lat' dir='ltr'>eum</span> <span class='ocrx_word' id='word_1_188' title='bbox 1055 1623 1256 1670; x_wconf 81' lang='lat' dir='ltr'>praesertim</span> <span class='ocrx_word' id='word_1_189' title='bbox 1287 1625 1338 1659; x_wconf 83' lang='lat' dir='ltr'>fa-</span> 
     </span>
     <span class='ocr_line' id='line_1_26' title="bbox 183 1684 1336 1730; baseline 0.003 -13"><span class='ocrx_word' id='word_1_190' title='bbox 183 1692 297 1717; x_wconf 86' lang='lat' dir='ltr'>teatur</span> <span class='ocrx_word' id='word_1_191' title='bbox 330 1684 427 1718; x_wconf 88' lang='lat' dir='ltr'>mille</span> <span class='ocrx_word' id='word_1_192' title='bbox 464 1694 498 1718; x_wconf 84' lang='lat' dir='ltr'>et</span> <span class='ocrx_word' id='word_1_193' title='bbox 534 1697 575 1718; x_wconf 89' lang='lat' dir='ltr'>eo</span> <span class='ocrx_word' id='word_1_194' title='bbox 607 1684 755 1730; x_wconf 84' lang='lat' dir='ltr'>amplius</span> <span class='ocrx_word' id='word_1_195' title='bbox 792 1693 953 1720; x_wconf 85' lang='lat' dir='ltr'>tractatus</span> <span class='ocrx_word' id='word_1_196' title='bbox 985 1685 1021 1719; x_wconf 89' lang='lat' dir='ltr'>iu</span> <span class='ocrx_word' id='word_1_197' title='bbox 1059 1686 1203 1722; x_wconf 85' lang='lat' dir='ltr'>ecclesia</span> <span class='ocrx_word' id='word_1_198' title='bbox 1232 1686 1336 1722; x_wconf 84' lang='lat' dir='ltr'>fuisse</span> 
     </span>
     <span class='ocr_line' id='line_1_27' title="bbox 183 1746 1338 1792; baseline 0.003 -13"><span class='ocrx_word' id='word_1_199' title='bbox 183 1746 351 1788; x_wconf 87' lang='lat' dir='ltr'>locutum,</span> <span class='ocrx_word' id='word_1_200' title='bbox 376 1756 410 1780; x_wconf 89' lang='lat' dir='ltr'>et</span> <span class='ocrx_word' id='word_1_201' title='bbox 432 1746 698 1781; x_wconf 79' lang='lat' dir='ltr'>innumerabiles</span> <span class='ocrx_word' id='word_1_202' title='bbox 723 1756 899 1792; x_wconf 80' lang='lat' dir='ltr'>praeterea</span> <span class='ocrx_word' id='word_1_203' title='bbox 923 1748 1055 1782; x_wconf 86' lang='lat' dir='ltr'>Tomos</span> <span class='ocrx_word' id='word_1_204' title='bbox 1083 1748 1238 1784; x_wconf 84' lang='lat' dir='ltr'>edidisse.</span> <span class='ocrx_word' id='word_1_205' title='bbox 1281 1749 1338 1783; x_wconf 77' lang='lat' dir='ltr'>In·</span> 
     </span>
     <span class='ocr_line' id='line_1_28' title="bbox 184 1808 1337 1857; baseline 0.002 -15"><span class='ocrx_word' id='word_1_206' title='bbox 184 1808 298 1843; x_wconf 85' lang='lat' dir='ltr'>dicem</span> <span class='ocrx_word' id='word_1_207' title='bbox 323 1822 429 1854; x_wconf 85' lang='lat' dir='ltr'>porro</span> <span class='ocrx_word' id='word_1_208' title='bbox 455 1809 624 1844; x_wconf 89' lang='lat' dir='ltr'>librorum</span> <span class='ocrx_word' id='word_1_209' title='bbox 648 1809 771 1855; x_wconf 82' lang='lat' dir='ltr'>ipsius,</span> <span class='ocrx_word' id='word_1_210' title='bbox 796 1819 877 1857; x_wconf 85' lang='lat' dir='ltr'>post</span> <span class='ocrx_word' id='word_1_211' title='bbox 900 1810 1108 1852; x_wconf 85' lang='lat' dir='ltr'>Eusebium,</span> <span class='ocrx_word' id='word_1_212' title='bbox 1131 1810 1226 1846; x_wconf 84' lang='lat' dir='ltr'>idem</span> <span class='ocrx_word' id='word_1_213' title='bbox 1250 1823 1337 1857; x_wconf 89' lang='lat' dir='ltr'>quo-</span> 
     </span>
     <span class='ocr_line' id='line_1_29' title="bbox 182 1871 1336 1920; baseline 0.003 -16"><span class='ocrx_word' id='word_1_214' title='bbox 182 1884 248 1916; x_wconf 85' lang='lat' dir='ltr'>que</span> <span class='ocrx_word' id='word_1_215' title='bbox 274 1871 533 1906; x_wconf 76' lang='lat' dir='ltr'>concinnaverat</span> <span class='ocrx_word' id='word_1_216' title='bbox 545 1872 777 1920; x_wconf 82' lang='lat' dir='ltr'>Hieronymus</span> <span class='ocrx_word' id='word_1_217' title='bbox 794 1874 830 1908; x_wconf 90' lang='lat' dir='ltr'>in</span> <span class='ocrx_word' id='word_1_218' title='bbox 847 1873 1078 1908; x_wconf 83' lang='lat' dir='ltr'>voluminibus</span> <span class='ocrx_word' id='word_1_219' title='bbox 1103 1873 1336 1919; x_wconf 83' lang='lat' dir='ltr'>epistolarum,</span> 
     </span>
     <span class='ocr_line' id='line_1_30' title="bbox 182 1934 1336 1981; baseline 0.003 -15"><span class='ocrx_word' id='word_1_220' title='bbox 182 1946 264 1979; x_wconf 87' lang='lat' dir='ltr'>quas</span> <span class='ocrx_word' id='word_1_221' title='bbox 295 1935 338 1967; x_wconf 83' lang='lat' dir='ltr'>ad</span> <span class='ocrx_word' id='word_1_222' title='bbox 370 1934 512 1969; x_wconf 86' lang='lat' dir='ltr'>Paulam</span> <span class='ocrx_word' id='word_1_223' title='bbox 542 1935 741 1981; x_wconf 87' lang='lat' dir='ltr'>scripserat;</span> <span class='ocrx_word' id='word_1_224' title='bbox 775 1946 809 1970; x_wconf 90' lang='lat' dir='ltr'>et</span> <span class='ocrx_word' id='word_1_225' title='bbox 841 1936 1028 1979; x_wconf 79' lang='lat' dir='ltr'>origenem</span> <span class='ocrx_word' id='word_1_226' title='bbox 1067 1949 1144 1970; x_wconf 91' lang='lat' dir='ltr'>cum</span> <span class='ocrx_word' id='word_1_227' title='bbox 1168 1936 1336 1978; x_wconf 85' lang='lat' dir='ltr'>Varrone,</span> 
     </span>
     <span class='ocr_line' id='line_1_31' title="bbox 181 1995 1334 2044; baseline 0.005 -16"><span class='ocrx_word' id='word_1_228' title='bbox 181 1995 257 2029; x_wconf 79' lang='lat' dir='ltr'>viro</span> <span class='ocrx_word' id='word_1_229' title='bbox 288 1996 520 2044; x_wconf 72' lang='grc' dir='ltr'><strong><em>πολυγράφῳ</em></strong></span> <span class='ocrx_word' id='word_1_230' title='bbox 551 1997 760 2040; x_wconf 83' lang='lat' dir='ltr'>contulerat,</span> <span class='ocrx_word' id='word_1_231' title='bbox 799 2009 838 2032; x_wconf 89' lang='lat' dir='ltr'>ut</span> <span class='ocrx_word' id='word_1_232' title='bbox 871 1999 946 2044; x_wconf 81' lang='lat' dir='ltr'>ipse</span> <span class='ocrx_word' id='word_1_233' title='bbox 984 1999 1026 2032; x_wconf 92' lang='lat' dir='ltr'>de</span> <span class='ocrx_word' id='word_1_234' title='bbox 1057 2012 1093 2033; x_wconf 87' lang='lat' dir='ltr'>se</span> <span class='ocrx_word' id='word_1_235' title='bbox 1125 2008 1269 2034; x_wconf 85' lang='lat' dir='ltr'>testatur</span> <span class='ocrx_word' id='word_1_236' title='bbox 1299 1998 1334 2033; x_wconf 86' lang='lat' dir='ltr'>in</span> 
     </span>
     <span class='ocr_line' id='line_1_32' title="bbox 181 2057 841 2107; baseline 0.006 -16"><span class='ocrx_word' id='word_1_237' title='bbox 181 2057 272 2092; x_wconf 83' lang='lat' dir='ltr'>libro</span> <span class='ocrx_word' id='word_1_238' title='bbox 297 2059 339 2092; x_wconf 90' lang='lat' dir='ltr'>de</span> <span class='ocrx_word' id='word_1_239' title='bbox 364 2060 519 2105; x_wconf 85' lang='lat' dir='ltr'>scriptor.</span> <span class='ocrx_word' id='word_1_240' title='bbox 547 2062 666 2095; x_wconf 84' lang='lat' dir='ltr'>eccles.</span> <span class='ocrx_word' id='word_1_241' title='bbox 693 2074 765 2107; x_wconf 87' lang='lat' dir='ltr'>cap.</span> <span class='ocrx_word' id='word_1_242' title='bbox 786 2061 841 2097; x_wconf 79' lang='grc'>85.</span> 
     </span>
    </p>

    <p class='ocr_par' dir='ltr' id='par_1_4' title="bbox 178 2121 1334 2295">
     <span class='ocr_line' id='line_1_33' title="bbox 269 2121 1334 2168; baseline 0.002 -13"><span class='ocrx_word' id='word_1_243' title='bbox 269 2121 327 2155; x_wconf 83' lang='lat' dir='ltr'>VI.</span> <span class='ocrx_word' id='word_1_244' title='bbox 368 2122 531 2157; x_wconf 84' lang='lat' dir='ltr'>Ceterum</span> <span class='ocrx_word' id='word_1_245' title='bbox 556 2137 633 2157; x_wconf 92' lang='lat' dir='ltr'>cum</span> <span class='ocrx_word' id='word_1_246' title='bbox 659 2123 748 2157; x_wconf 87' lang='lat' dir='ltr'>circa</span> <span class='ocrx_word' id='word_1_247' title='bbox 774 2123 885 2158; x_wconf 82' lang='lat' dir='ltr'>libros</span> <span class='ocrx_word' id='word_1_248' title='bbox 910 2136 1022 2157; x_wconf 87' lang='lat' dir='ltr'>sacros</span> <span class='ocrx_word' id='word_1_249' title='bbox 1047 2124 1149 2158; x_wconf 78' lang='lat' dir='ltr'>labor</span> <span class='ocrx_word' id='word_1_250' title='bbox 1165 2123 1334 2168; x_wconf 81' lang='lat' dir='ltr'>Origenis,</span> 
     </span>
     <span class='ocr_line' id='line_1_34' title="bbox 180 2182 1332 2230; baseline 0.002 -14"><span class='ocrx_word' id='word_1_251' title='bbox 180 2193 214 2216; x_wconf 89' lang='lat' dir='ltr'>et</span> <span class='ocrx_word' id='word_1_252' title='bbox 238 2182 402 2218; x_wconf 80' lang='lat' dir='ltr'>industria</span> <span class='ocrx_word' id='word_1_253' title='bbox 432 2186 650 2230; x_wconf 86' lang='lat' dir='ltr'>potissimum</span> <span class='ocrx_word' id='word_1_254' title='bbox 676 2195 805 2220; x_wconf 75' lang='lat' dir='ltr'>versata</span> <span class='ocrx_word' id='word_1_255' title='bbox 836 2187 877 2220; x_wconf 85' lang='lat' dir='ltr'>sit</span> <span class='ocrx_word' id='word_1_256' title='bbox 889 2212 901 2228; x_wconf 70' lang='grc'>.,.</span> <span class='ocrx_word' id='word_1_257' title='bbox 932 2200 1002 2220; x_wconf 89' lang='lat' dir='ltr'>non</span> <span class='ocrx_word' id='word_1_258' title='bbox 1035 2187 1155 2220; x_wconf 85' lang='lat' dir='ltr'>eadem</span> <span class='ocrx_word' id='word_1_259' title='bbox 1180 2186 1332 2221; x_wconf 83' lang='lat' dir='ltr'>editione</span> 
     </span>
     <span class='ocr_line' id='line_1_35' title="bbox 178 2245 1332 2295; baseline 0.003 -18"><span class='ocrx_word' id='word_1_260' title='bbox 178 2245 212 2278; x_wconf 80' lang='lat' dir='ltr'>in</span> <span class='ocrx_word' id='word_1_261' title='bbox 238 2245 276 2278; x_wconf 82' lang='lat' dir='ltr'>iis</span> <span class='ocrx_word' id='word_1_262' title='bbox 302 2246 563 2292; x_wconf 75' lang='lat' dir='ltr'>interpretandis</span> <span class='ocrx_word' id='word_1_263' title='bbox 587 2262 666 2281; x_wconf 82' lang='lat' dir='ltr'>usus</span> <span class='ocrx_word' id='word_1_264' title='bbox 691 2259 756 2282; x_wconf 84' lang='lat' dir='ltr'>cst:</span> <span class='ocrx_word' id='word_1_265' title='bbox 783 2249 815 2281; x_wconf 81' lang='lat' dir='ltr'>in</span> <span class='ocrx_word' id='word_1_266' title='bbox 835 2250 1002 2283; x_wconf 79' lang='lat' dir='ltr'>Homiliis</span> <span class='ocrx_word' id='word_1_267' title='bbox 1027 2250 1054 2283; x_wconf 87' lang='lat' dir='ltr'>si</span> <span class='ocrx_word' id='word_1_268' title='bbox 1078 2249 1228 2295; x_wconf 86' lang='lat' dir='ltr'>quidem,</span> <span class='ocrx_word' id='word_1_269' title='bbox 1253 2261 1332 2294; x_wconf 84' lang='lat' dir='ltr'>quas</span> 
     </span>
    </p>
   </div>
   <div class='ocr_carea' id='block_1_3' title="bbox 180 2307 1334 2357">
    <p class='ocr_par' dir='ltr' id='par_1_5' title="bbox 180 2307 1334 2357">
     <span class='ocr_line' id='line_1_36' title="bbox 180 2307 1334 2357; baseline 0.003 -18"><span class='ocrx_word' id='word_1_270' title='bbox 180 2307 222 2340; x_wconf 73' lang='lat' dir='ltr'>ad</span> <span class='ocrx_word' id='word_1_271' title='bbox 247 2309 371 2353; x_wconf 84' lang='lat' dir='ltr'>populi</span> <span class='ocrx_word' id='word_1_272' title='bbox 403 2320 540 2355; x_wconf 83' lang='lat' dir='ltr'>captum</span> <span class='ocrx_word' id='word_1_273' title='bbox 572 2311 873 2354; x_wconf 73' lang='lat' dir='ltr'>accommodabat,</span> <span class='ocrx_word' id='word_1_274' title='bbox 908 2313 1098 2346; x_wconf 84' lang='lat' dir='ltr'>editionem</span> <span class='ocrx_word' id='word_1_275' title='bbox 1128 2308 1334 2357; x_wconf 81' lang='lat' dir='ltr'>sequebatur</span> 
     </span>
    </p>
   </div>
  </div>
 </body>
</html>
