1422 2472
372 104 685 137 Omossmmonum
710 104 823 136 Lmen
839 104 897 136 ΙΙΙ.
1124 106 1186 140 161

57 191 208 225 editione
233 192 345 225 latina.
393 192 588 236 interpretis
612 205 737 225 nomen
761 206 831 226 non
854 193 1064 233 adscribitur,
1089 207 1188 239 quem

57 254 304 299 Hieronymum
331 266 400 286 esse
426 267 556 286 censeo.
603 255 642 287 ld
667 255 777 299 ipsum
802 264 914 287 censet
937 255 1103 296 Erasmus,
1128 257 1190 289 ait-

56 328 122 359 que
147 315 394 361 Hieronymum
420 315 452 347 in
470 315 632 357 Catalogo
657 316 862 360 scriptorum
887 316 1190 351 ecclesiasticorum

56 377 154 409 fateri
178 390 212 409 se
237 377 301 409 hoc
334 378 557 419 fragmentum
592 378 727 410 vertisse
759 391 798 410 ex
830 377 1087 411 Commentariis
1112 380 1186 413 Ori-

55 439 146 480 genis
171 439 204 471 in
230 439 356 472 Isaiam.
405 439 574 484 Equidem
605 438 641 470 id
662 439 773 471 solum
802 438 836 471 in
861 452 901 471 eo
928 439 1092 482 Catalogo
1118 455 1189 487 cap.

59 500 133 535 135.
158 500 314 545 reperio,
345 499 403 531 ubi
429 500 470 532 de
494 513 528 531 se
554 499 630 543 ipso
655 499 720 542 agit
744 500 992 546 Hieronymus:
1025 503 1084 535 »ln
1109 503 1192 537 Hie-

55 561 195 593 remiam
220 570 254 593 et
277 561 311 593 in
342 561 556 593 Ezechielem
581 561 747 593 Homilias
771 561 928 603 Origenis
960 562 1076 604 viginti
1101 575 1191 606 octo,

57 636 136 667 quas
150 623 190 655 de
213 623 345 655 Graeco
370 622 403 654 in
420 622 575 655 Latinum
590 622 694 663 verti;
719 623 760 654 de
776 623 955 667 Seraphim
973 633 1006 656 et
1022 625 1188 660 Osanna.«

56 685 161 728 Atqui
185 683 430 724 Homiliarurn,
457 696 540 728 quae
567 692 710 722 exstant,
740 683 836 728 prior
865 685 931 726 agit
964 685 1006 718 de
1031 687 1189 733 Seraphi-

55 745 117 777 mis
141 745 303 778 stantibus
327 759 430 790 super
452 745 577 778 solium
600 743 756 785 Domini,
781 745 883 778 Isaiae
908 746 939 786 6,
962 746 1007 787 2.,
1030 749 1089 781 sed
1112 749 1187 783 leve

55 815 104 839 est
126 806 192 839 hoc
216 802 466 848 argumentum,
491 807 531 839 ad
556 807 772 851 probandum
802 807 878 840 istas
910 820 1034 841 novem
1065 810 1189 845 Homi-

54 868 113 900 lias
143 868 392 914 Hieronymum
431 868 646 901 convertisse.
702 868 929 902 verisimilior
960 871 1043 903 mihi
1074 873 1188 919 conje—

55 938 147 962 ctura
173 929 306 974 capitur
331 942 369 962 ex
393 929 490 970 stilo,
524 939 556 962 et
588 943 627 962 ex
660 929 795 963 delectu
826 932 1036 975 quarundam
1067 934 1189 968 dictio-

53 1003 146 1031 num,
171 1005 251 1036 quas
275 991 485 1036 frequentius
516 991 580 1024 sibi
611 992 838 1038 Hieronymus
869 993 1055 1027 adsciscere
1088 1008 1187 1038 amat,

54 1053 148 1096 quod
179 1053 346 1096 optimum
386 1061 434 1083 est
465 1052 732 1085 {men-noscendis
765 1055 986 1098 scriptoribus
1015 1070 1191 1099 argumen-

55 1123 138 1149 tum.
183 1113 363 1145 Dictiones
388 1113 465 1145 illae
490 1122 586 1145 sunt:
620 1115 834 1153 ›1absconsus,
867 1116 1074 1158 dominicus,
1105 1134 1189 1153 nun-

56 1175 240 1220 cupativus,
264 1174 483 1220 principale,«
511 1187 574 1218 pro
601 1187 652 1213 eo,
678 1176 772 1218 quod
797 1184 862 1207 est:
894 1176 932 1210 τὸ
956 1176 1187 1226 ἡγεμονικόν,

57 1236 261 1282 »principari
278 1236 389 1277 alicui,
406 1235 613 1280 principalis,
636 1236 830 1280 prophetes,
844 1240 1059 1282 repromitto,
1072 1256 1189 1287 repro-

52 1298 180 1338 missio,
204 1297 461 1342 speculatorius‚
487 1297 745 1341 turpiloquium,
769 1298 918 1338 zabulus,
944 1309 1062 1333 cuncta
1081 1302 1190 1337 Evan-

52 1360 257 1402 geliorum‚«
297 1359 428 1403 aliaque
461 1358 638 1404 ejusmodi.
692 1360 797 1392 Notet
821 1359 959 1402 diligens
985 1362 1094 1395 lector
1117 1364 1190 1397 Ho-

53 1421 181 1454 miliam
204 1434 328 1453 nonam
353 1420 507 1453 mutilam
540 1433 609 1452 esse
639 1420 674 1452 in
698 1420 904 1453 editionibus
929 1422 1085 1464 Merlini,
1108 1426 1190 1459 Era-

52 1482 127 1523 smi,
152 1492 184 1515 et
210 1482 441 1522 Genebrardi,
474 1491 506 1514 et
536 1491 707 1526 postrema
739 1491 832 1526 parte
857 1492 1062 1526 truncatam,
1092 1487 1190 1532 eique

52 1544 261 1589 supplendae
293 1544 478 1576 detractam
504 1543 605 1576 fuisse
630 1553 761 1587 partem
786 1553 993 1588 postremam
1017 1547 1189 1582 Homiliae

50 1618 161 1638 nonae
187 1604 294 1651 (juxta
309 1605 510 1651 Hieronymi
527 1606 769 1638 collectionem
786 1606 912 1650 sextae)
939 1607 971 1639 in
996 1608 1189 1652 Jeremiam,

53 1667 94 1699 ab
126 1667 175 1699 his
209 1666 337 1699 verbis:
377 1667 609 1710 »Conversi¹)
650 1677 727 1699 suut
760 1668 801 1699 ad
832 1667 1025 1712 iniquitates
1053 1680 1188 1715 patrum

51 1728 237 1773 priorum.«
286 1728 422 1761 ,Iamdiu
449 1741 528 1761 vero
554 1729 587 1761 in
612 1728 662 1761 his
687 1728 849 1761 Homiliis
877 1742 971 1762 error
994 1730 1056 1763 iste
1081 1732 1189 1766 inole-

52 1789 116 1822 vit:
140 1789 285 1825 Codices
308 1790 335 1822 si
367 1790 504 1835 quidem
529 1803 630 1823 manu
656 1790 779 1823 exarati
805 1790 1039 1825 Bibliothecae
1063 1794 1188 1837 Regiae

53 1851 170 1883 eadem
203 1851 417 1884 deformitate
450 1852 558 1884 vitiati
589 1861 676 1885 sunt.
731 1853 863 1897 Nempe
897 1853 996 1886 facile
1037 1856 1189 1899 contigit,

51 1921 88 1944 ut
110 1912 265 1945 librarius
297 1912 490 1958 imprudens
524 1915 565 1947 ad
598 1913 853 1947 describendam
885 1924 1090 1959 postremam
1115 1931 1190 1962 par-

52 1982 122 2006 tem
145 1973 317 2007 Homiliae
343 1974 498 2016 Origenis
529 1974 563 2007 in
593 1975 713 2008 Isaiam
745 1989 874 2017 nonae,
907 1977 948 2008 ab
978 1977 1188 2026 Hieronymo

54 2030 232 2068 conx⁷er3ae
257 2037 437 2076 accedens,
474 2049 549 2069 casu
581 2036 738 2070 inciderit
768 2037 802 2070 in
826 2047 1033 2082 postremam
1057 2050 1188 2084 partem

53 2096 226 2129 Homiliae
255 2098 410 2140 Origenis
443 2098 476 2130 in
514 2099 698 2132 Jeremiam
732 2112 860 2140 nonae,
899 2100 940 2133 ab
976 2101 1186 2148 Hieronymo

54 2158 172 2190 itidem
198 2171 387 2192 conversae.
436 2158 534 2192 Unde
566 2173 634 2193 non
668 2160 763 2193 inane
795 2174 931 2206 quoque
962 2164 1104 2196 sumitur
1136 2176 1188 2196 ar-

151 2286 180 2329 1)
209 2286 278 2319 Cfr.
303 2286 429 2319 Jerem.
454 2288 513 2327 Xl,
540 2289 590 2322 10.

102 2349 281 2380 omossms
310 2346 447 2380 OPERA.
475 2348 570 2381 Tom.
597 2350 725 2382 XXIV.
953 2350 992 2384 11
