1413 2482
179 97 246 133 198
513 97 624 131 Pet-rm
650 97 821 130 Dmmus
846 97 974 130 Hunni

179 187 383 226 servabatur,
408 186 568 232 quodque
593 186 704 231 ipsum
720 188 792 221 τῶν
808 184 1058 231 ἑβδομήκοντα
1073 184 1311 232 αὐτόγραφον
1335 185 1344 193 “

179 247 283 281 fuisse
318 248 485 281 affirmant
515 249 655 281 Veteres
690 248 856 281 nonnulli.
912 247 1096 281 Asteriseos
1126 256 1311 292 praeterea,

179 310 239 342 ubi
263 309 343 354 quid
369 309 510 351 deesset,
536 323 611 342 curn
629 310 870 355 praetermissis
889 309 1030 342 vocibus
1046 309 1202 351 inser-aiu
1225 322 1311 355 quac

182 384 261 403 vero
286 371 338 403 illi
362 381 496 416 praeter
520 372 766 405 Hebraicorum
791 372 894 404 {idern
919 371 1135 417 adjecissent,
1162 371 1310 416 praefixo

182 433 284 465 obelo
310 433 466 476 signavit:
496 432 614 477 »Quae
639 434 741 476 signa,
766 434 874 479 inquit
898 435 1126 479 Hieronymus
1150 432 1247 478 epist.
1270 433 1312 466 ad

179 494 260 528 Suu.
285 504 319 528 et
342 495 495 535 Fretell.,
520 505 554 528 et
576 495 610 528 in
635 496 864 535 Graecorum,
887 495 1153 539 Latinorumque
1176 499 1314 540 poetna-

179 556 270 589 tibus
303 556 565 590 inveniuntur-2«
602 558 691 591 unde
726 567 758 591 et
790 559 831 591 ab
857 557 1004 600 Origene
1035 556 1194 590 translata
1226 565 1312 590 sunt.

181 617 279 661 Quae
304 619 346 651 de
371 618 535 652 lemnisco
559 618 696 666 subjicit
712 618 923 665 Epiphanius
946 619 1022 652 libr.
1048 619 1090 652 de
1114 619 1256 664 ponder.
1281 626 1315 651 et

179 692 327 716 mensur.
354 693 425 726 cap.
451 682 521 722 17.‚
552 682 650 715 valde
676 691 835 727 corrupta
861 691 899 732 *et
929 681 1068 714 confusa
1097 689 1193 723 sunt;
1223 680 1314 712 unde

179 741 234 775 vix
266 743 350 776 certi
374 743 554 789 quicquam
585 744 693 789 possis
722 744 914 777 extundere.
964 743 1002 776 ld
1033 742 1098 776 sibi
1128 751 1243 776 tamen
1266 741 1316 774 vi-

181 803 281 837 detur
313 805 421 846 velle,
457 806 638 839 lemniscos
677 805 888 851 adscripsisse
925 805 1127 847 Origenem,
1165 802 1314 849 quoties-

181 878 313 911 cunque
339 867 409 900 duo
434 867 573 912 plurave
598 868 689 914 paria
715 868 955 914 interpretum,
979 867 1058 912 (hos
1082 865 1172 900 enim
1195 865 1231 898 in
1254 864 1315 898 tri·

179 926 270 970 ginta
293 941 349 962 sex
372 930 466 974 paria
496 930 599 964 fuisse
624 931 806 971 discretos,
836 939 869 963 et
900 930 934 962 in
959 929 1115 962 omnibus
1139 929 1209 962 sere
1235 939 1315 960 con-

180 989 321 1024 sensisse
357 1001 526 1032 autumat,
563 1006 640 1026 eum
678 993 887 1038 scripturam
925 1005 1051 1026 sacram
1087 992 1122 1024 in
1159 993 1314 1037 Aegypto

179 1051 524 1099 interpretarentur‚)
564 1067 685 1087 vocem
727 1055 874 1100 aliquam
911 1062 1145 1098 usurpassent,
1190 1053 1231 1084 ab
1276 1063 1315 1084 ea

181 1113 366 1154 diversam,
391 1114 564 1161 (ejusdem
589 1116 669 1149 licet
693 1116 988 1160 significationis,)
1013 1128 1077 1161 qua
1099 1114 1152 1147 nsi
1175 1113 1316 1146 fuissem

180 1175 305 1221 reliqui
330 1176 549 1222 interpretes;
575 1179 686 1224 (quod
710 1179 821 1223 ipsum
844 1179 915 1211 fere
934 1179 1058 1212 habent
1076 1175 1264 1223 Hesychius
1280 1175 1315 1208 in

181 1238 352 1272 psalmum
385 1240 446 1281 12,
476 1240 508 1275 4.
542 1249 575 1273 et
615 1241 762 1274 isidorus
794 1241 923 1284 Origin.
961 1240 1037 1274 libr.
1063 1239 1087 1272 I.
1127 1251 1199 1284 cap.
1223 1236 1316 1282 20.);

181 1300 456 1347 hypolemniscos
488 1315 569 1335 vero
602 1304 797 1344 adnotasse,
828 1303 854 1336 si
887 1303 1020 1348 quando
1053 1313 1172 1334 vocem
1203 1299 1317 1345 hujus-

180 1363 277 1395 modi
308 1377 370 1408 par
392 1364 532 1397 unicum
555 1365 770 1398 adhibuisset.
820 1364 954 1408 Quibus
977 1363 1202 1406 significatur,
1236 1360 1317 1395 Ori-

181 1437 300 1466 genem
324 1425 378 1460 36.
403 1426 626 1472 interpretum
663 1426 863 1472 exemplaria
888 1426 988 1458 simul
1020 1425 1214 1458 contulisse.
1264 1424 1316 1456 Ab

181 1486 372 1532 Epiphanio
410 1488 563 1521 dissentit
598 1489 746 1521 Andreas
777 1488 905 1522 Masius
940 1483 1086 1522 Praefat.
1122 1489 1158 1519 in
1193 1485 1316 1520 Graec.

182 1549 263 1581 edit.
288 1551 411 1590 Josue,
438 1559 470 1583 et
494 1552 668 1583 Annotatt.
693 1551 778 1590 suis,
810 1560 841 1583 et
867 1550 958 1595 paria
990 1549 1047 1582 illa
1081 1549 1315 1595 interpretum,

183 1611 276 1643 velut
300 1612 404 1645 aniles
425 1613 554 1646 fabulas
572 1614 711 1659 respuit,
736 1617 875 1658 tumque
893 1611 1067 1658 appositos
1084 1619 1179 1656 putat
1196 1609 1317 1642 lemni-

181 1685 275 1705 scum
313 1684 345 1706 et
380 1673 693 1721 hypolemniscum,
737 1689 812 1708 cum
850 1675 956 1707 varias
991 1674 1116 1717 aliquas
1152 1672 1316 1705 lectiones

182 1734 298 1778 plures
330 1737 549 1780 paucioresve
582 1738 727 1772 Codices
759 1746 952 1770 assererent.
1007 1735 1123 1768 Alium
1159 1744 1315 1767 notarum

183 1796 318 1829 illarum
344 1812 440 1831 usum
465 1801 598 1844 profert
623 1801 770 1832 Joannes
797 1798 971 1832 Curterius
994 1796 1140 1829 Praefat.
1163 1797 1206 1829 ad
1229 1795 1315 1830 Pro·

185 1872 260 1904 cop.
281 1859 472 1894 comment.
492 1862 525 1894 in
551 1862 680 1902 Isaiam,
705 1875 767 1894 nec
793 1860 884 1893 aliud
909 1859 1092 1901 significare
1116 1857 1316 1892 lemniscum

183 1931 279 1966 putat
303 1935 402 1966 quam
429 1923 539 1956 verbis
565 1923 753 1956 consentire
787 1922 985 1966 interpretes
1011 1920 1161 1966 aliquos,
1192 1920 1316 1953 discre-

184 1995 265 2028 pare
295 1996 413 2025 sensu,
448 1984 742 2030 hypolemniscum
780 1997 878 2023 vero,
916 1997 1013 2016 sensu
1051 1995 1108 2016 eos
1140 1992 1175 2015 et
1206 1982 1316 2016 verbis

186 2046 366 2078 dissonare.
426 2046 543 2091 Sed¹)
576 2047 657 2079 mihi
691 2045 906 2079 verisimilior
938 2045 1071 2078 videtur
1106 2043 1207 2078 Masii
1242 2056 1316 2078 sen-

283 2183 312 2225 ')
339 2183 413 2214 Non
438 2182 483 2214 ita
509 2182 640 2214 videtur
664 2182 706 2215 D.
731 2180 904 2214 Bernardo
932 2182 973 2213 de
998 2179 1234 2218 montfaucon,
1258 2178 1314 2222 qui

187 2241 218 2271 in
246 2239 541 2271 praeliminaribus
575 2238 605 2270 in
632 2238 781 2282 Ilm-apla
815 2237 970 2279 Urigenis
997 2250 1067 2281 cap.
1088 2235 1143 2269 IV.
1168 2247 1258 2267 num.
1284 2233 1313 2266 4.

187 2295 230 2327 sic
263 2309 354 2328 suan»
387 2295 584 2329 senteutiam
617 2294 731 2339 aperit.
786 2293 993 2332 »Existimo,
1029 2291 1314 2337 quemadmodum
