1422 2472
379 104 688 137 OtuGENJAN0n0m
714 103 828 135 Lmen
854 103 898 135 ΙΙ.
1154 102 1197 136 [33

153 193 262 225 XVH.
312 194 474 225 Actorum
500 193 743 225 Photianorum
764 190 1000 224 Conventiculi
1025 192 1065 224 ad
1084 192 1195 235 Quer-

65 267 142 286 cum
167 254 269 286 sidem
295 254 427 287 elevare
448 263 589 288 conatur
605 253 772 286 Baronius
790 254 854 285 hoc
870 263 1077 295 argumento,
1100 254 1194 298 quod

66 316 229 360 pleraque
254 318 295 349 ab
320 316 392 349 aliis
418 325 701 356 commemorata,
738 316 771 347 in
797 316 836 348 iis
862 316 982 347 omissa
1007 314 1082 348 sint.
1130 316 1197 347 Ve-

65 391 139 410 rum
166 391 233 411 non
259 378 402 411 attendit
432 377 675 410 illustrissimus
708 377 912 417 Cardinalis,
945 376 1064 408 eximia
1096 389 1196 420 quac-

66 441 142 472 dam
169 441 403 472 tantummodo
429 439 582 481 selegisse
614 440 794 478 Photium,
826 448 859 471 et
889 438 922 471 in
949 439 1196 484 Myriobiblum

65 502 236 543 retulisse;
259 501 406 546 plurima
430 513 510 533 vero
536 502 691 533 consulto
717 499 989 545 praetermisisse.
1031 501 1098 533 Sua
1117 513 1195 541 ergo

67 563 160 596 Actis
199 563 266 596 illis
299 572 453 596 servetur
483 562 686 603 auctoritas,
724 562 836 607 quoad
877 561 1034 593 validiori
1065 561 1195 594 ratione

64 625 204 658 Baronii
228 623 419 670 conjectura
443 624 606 656 firmetur.

153 687 281 720 XVIll.
331 686 510 719 Caeterum
542 687 583 718 de
618 686 712 718 libris
744 684 900 727 Origenis
932 685 1036 717 altum
1071 684 1137 717 suit
1162 684 1194 716 in

65 749 302 783 conciliabulo
327 748 516 787 silentium:
551 748 591 780 de
619 747 817 789 Origenistis
850 760 930 778 vero
963 755 1097 790 praeter
1120 759 1196 790 per-

63 824 169 855 pauca
193 811 263 854 illa,
290 822 373 855 quae
398 809 626 849 disseruimus,
651 809 732 842 haec
756 808 857 841 etiam
880 809 1088 840 reseruntur:
1115 810 1196 840 Sce-

64 874 153 905 tinos
178 872 299 904 leniter
329 871 518 916 appellasse
549 871 799 915 Theophilum,
839 870 1010 903 hortatum
1046 884 1117 902 esse
1153 872 1194 902 ad

64 933 319 979 poenitentiam,
343 932 581 977 impunitatem
612 947 680 966 esse
706 932 920 977 pollicitum,
945 932 1044 964 simul
1071 945 1128 964 eos
1154 933 1194 964 ad

64 996 313 1040 implorandam
353 995 484 1027 veniam
518 996 644 1036 magnis
682 994 983 1027 vociferationibus
1021 994 1195 1038 impulisse

65 1058 124 1102 qui
155 1058 292 1089 aderant
321 1056 507 1100 Theophili
532 1056 731 1099 familiares3
770 1070 835 1100 qua
859 1069 895 1088 re
922 1066 1098 1100 permotos
1123 1070 1196 1088 mo-

66 1119 189 1151 nachos
221 1131 322 1150 noxas
359 1117 422 1150 sibi
458 1118 643 1149 condonari
680 1119 884 1161 postulasse;
926 1118 1047 1150 foedus
1083 1118 1195 1150 iniisse

67 1194 142 1213 rum
169 1180 235 1212 illis
263 1178 508 1223 Theophilum,
534 1179 616 1211 etin
644 1179 920 1210 communionem
945 1179 1123 1223 recepisse,
1148 1188 1197 1211 at—

66 1255 130 1287 que
155 1242 201 1274 ita
226 1240 365 1273 crimine
391 1241 565 1272 absolutos
600 1253 669 1273 csse
695 1239 896 1280 Nitricnses,
930 1253 946 1272 e
973 1240 1094 1284 quibus
1118 1241 1196 1286 jam,

65 1313 101 1336 ut
126 1303 280 1341 diximus,
304 1302 500 1334 interierant
523 1302 711 1334 Dioscorus
735 1311 767 1334 et
795 1301 962 1341 Isidorus,
996 1302 1198 1334 Ammonius

64 1378 145 1397 vero
170 1362 204 1396 in
231 1363 369 1407 Quercu
399 1364 461 1395 sub
492 1364 562 1408 ipsa
598 1364 718 1409 synodi
748 1363 843 1395 initia
869 1364 1066 1396 decesserat.
1113 1362 1197 1395 Fer-

65 1437 118 1459 tur
141 1425 238 1470 huius
273 1425 386 1457 audita
417 1434 527 1457 morte
551 1425 775 1470 illacrymasse
801 1424 1031 1468 Theophilus,
1068 1424 1197 1468 palam-

64 1500 129 1533 que
155 1487 273 1520 dixisse
297 1487 444 1519 similem
470 1487 559 1519 inter
582 1500 660 1519 suos
684 1487 856 1519 neminem
881 1486 1036 1519 habuisse
1055 1488 1196 1519 Ammo-

62 1550 166 1582 nium.
214 1548 420 1581 Dioscorum
455 1549 591 1594 quidem
623 1559 704 1593 post
738 1550 906 1596 synodum
948 1558 980 1581 et
1011 1549 1195 1593 Theophili

63 1612 176 1653 sugam
201 1610 324 1643 obiisse
348 1611 498 1654 produnt
524 1610 692 1653 Georgius
725 1610 990 1651 Alexandrinus,
1016 1620 1049 1643 et
1073 1612 1195 1644 Socra-

65 1683 130 1715 tes3
154 1673 213 1705 sed
238 1672 271 1704 in
297 1681 452 1718 tempora
484 1673 614 1719 synodo
648 1672 762 1716 priora
787 1682 932 1705 mortem
958 1673 1063 1717 ipsius
1088 1674 1196 1713 Sozo-

62 1748 181 1767 menus
207 1734 360 1779 conjicit,
393 1734 448 1766 cui
472 1735 690 1778 praecipuam
714 1734 817 1766 fidem
844 1734 1034 1767 tribuimus.
1084 1736 1194 1779 Atque

64 1798 107 1829 ita
132 1797 269 1829 demum
296 1795 471 1839 consopita
497 1806 543 1827 cst
570 1796 671 1829 tristis
696 1796 752 1828 illa
780 1805 812 1828 et
837 1796 1029 1829 calamitosa
1054 1797 1096 1828 de
1117 1796 1195 1830 Ori-

62 1859 153 1901 genis
191 1858 361 1890 erroribus
400 1858 645 1890 controversia:
685 1858 835 1902 quamvis
870 1857 958 1890 enim
991 1858 1067 1890 hinc
1102 1867 1195 1890 ortas·

62 1920 127 1951 sint
159 1928 373 1963 tempestates
405 1929 438 1951 et
471 1919 656 1962 tumultus,
696 1920 818 1964 quibus
852 1928 966 1951 vexata
1008 1919 1131 1951 deiude
1162 1929 1194 1951 et

64 1981 194 2012 turbata
226 1980 367 2012 ecclesia
407 1989 472 2022 est,
503 1981 739 2014 accedentibus
774 1990 885 2014 tamen
923 1980 1066 2012 subinde
1099 1980 1194 2012 novis

64 2042 276 2086 querelarum
303 2050 336 2073 et
361 2042 431 2074 odii
456 2043 678 2084 argumentis,
710 2044 789 2075 dum
820 2052 954 2088 praesto
979 2052 1056 2074 sunt
1079 2055 1195 2074 recen-

64 2103 168 2134 tiores
196 2103 365 2143 oslensae,
404 2113 532 2135 veteres
574 2105 805 2138 exoleverunt.
860 2105 979 2137 Paucis
1013 2103 1124 2147 itaque
1161 2112 1194 2134 et

63 2163 185 2195 cursim
211 2177 294 2208 quae
319 2174 508 2209 supersunt,
532 2166 740 2207 attingamus.

152 2225 246 2256 XlX.
297 2227 392 2257 Anno
419 2226 542 2258 Christi
567 2227 645 2261 403.
672 2227 758 2259 circa
784 2240 933 2259 mensem
950 2226 1078 2257 Julium
1104 2224 1193 2256 Cou-

64 2285 224 2319 venticuli
249 2286 414 2328 suffragiis
439 2297 674 2330 exauctoratur
706 2289 978 2336 Chrysostomus.
1027 2287 1062 2320 ld
1090 2299 1191 2318 unum
