1413 2482
183 58 225 92 10
522 60 633 92 Parni
659 59 831 92 Damatis
857 58 988 93 Hom-n

183 149 310 191 lumen,
337 158 369 182 et
394 150 438 181 ob
464 162 514 181 res
539 150 710 193 praeclare
730 149 890 191 cogitatas
913 149 1120 183 philocaliae
1145 149 1247 182 titulo
1273 149 1324 182 in-

181 210 356 254 scriptum,
383 211 489 255 (unde
515 221 548 243 et
574 211 758 253 origenem
784 211 988 255 ᾳιλόκαλον
1015 211 1169 244 nominat
1194 211 1324 253 Grego-

183 273 252 305 rius
279 273 505 305 Nazianzenus
537 272 571 304 in
597 272 785 316 epistolis,)
818 274 859 305 ad
892 273 1115 307 Theodorum
1146 273 1325 319 Tyaneum

184 335 384 378 episcopum
412 334 583 366 miserunt.
639 334 733 377 Quin
765 334 865 367 etiam
900 336 1057 368 seruntur
1089 335 1211 374 iidem,
1242 347 1326 380 quo-

185 397 381 440 tiescunque.
407 395 564 437 Origenis
588 396 714 440 scripta
739 396 905 439 legentes,
938 397 1094 439 dogmata
1117 396 1222 441 ipsius
1246 409 1326 440 pro·

186 458 268 502 pria,
295 468 328 490 et
351 471 370 490 a
395 457 570 490 communi
601 471 662 490 usu
697 457 923 503 discrepantia
954 458 1245 497 nanciscerentur,
1270 470 1326 500 ge-

185 521 315 552 minum
336 534 363 565 χ
387 520 553 559 affixisse,
584 519 840 553 Platonicorum
875 532 990 559 inore,
1026 520 1084 565 qui
1111 533 1186 553 cum
1212 518 1327 552 Plato-

184 595 262 613 nem
289 581 488 621 lectitarent,
515 582 589 614 loca
613 582 754 624 insignia
779 584 845 614 hoc
870 583 1060 615 charactere
1085 583 1264 615 notabant:
1289 589 1327 613 ut

185 644 289 676 refert
314 643 466 677 Laertius
491 645 525 677 in
550 645 704 678 Platone.
754 645 825 677 Hac
860 644 1007 677 lectione
1031 644 1216 677 instructus
1236 653 1327 675 uter-

187 719 253 750 que
280 705 480 738 Arianorum
506 706 654 750 impetus
686 707 822 739 sortiter
854 706 990 739 retudit.
1045 706 1085 738 ld
1115 718 1154 738 ex
1185 705 1327 738 Socrate

187 768 357 808 discimus,
386 768 443 812 qui
470 778 502 800 et
528 769 613 800 illud
640 769 734 801 addit
756 769 834 809 libr.
861 769 917 801 lV.
945 781 1017 812 cap.
1042 768 1098 802 26.
1133 771 1229 812 μέγα
1253 767 1328 811 γὰρ

188 833 288 869 κλέος
313 831 351 865 τὸ
375 831 582 874 ’Ξὲριγείωυς
607 831 686 864 καθ’
715 829 799 874 ὅλης
823 831 901 865 τότε
917 833 976 873 τῆς
993 832 1207 875 οἰκουμένης
1231 828 1327 875 ἐφή-

187 896 320 927 ultum.
359 892 504 937 Scriptis
528 894 685 937 profecto
703 892 880 937 Apologiis
906 891 1003 925 tutati
1026 901 1103 924 sunt
1127 892 1240 937 ipsum
1266 891 1330 924 uiri

188 955 346 995 illustres,
372 967 440 999 quo
466 964 621 998 tempore
647 954 835 987 defensioni
861 954 931 998 efius
955 967 1094 998 operam
1118 967 1212 987 suam
1230 954 1329 986 Pam-

188 1018 300 1062 philus
326 1019 554 1056 consecrabat,
582 1026 619 1049 ut
636 1016 834 1049 testificatur
849 1016 992 1049 Pliotius
1017 1016 1101 1050 Cod.
1119 1015 1193 1051 118.
1219 1014 1328 1060 Ipsius

188 1090 300 1112 tamen
324 1078 509 1118 nonnulla,
540 1078 751 1111 dissimulato
785 1078 865 1110 licet
896 1078 966 1122 ejus
997 1078 1155 1117 nomine,
1188 1087 1330 1122 carpunt

190 1140 400 1180 Athanasius,
427 1150 461 1172 ct
484 1140 636 1173 Basilius.
687 1140 750 1172 llle
775 1139 808 1172 in
841 1140 907 1172 vita
941 1139 1083 1173 Antonii
1117 1140 1230 1184 lapsus
1260 1140 1331 1172 ani-

191 1217 335 1243 marum,
360 1212 393 1235 et
419 1202 657 1235 conversiones
684 1215 700 1234 e
726 1202 897 1235 mentibus
929 1201 962 1234 in
993 1201 1120 1234 animas
1147 1202 1330 1246 reprehen-

191 1267 256 1299 dit:
289 1266 342 1297 hic
374 1265 407 1297 in
439 1265 541 1296 tertio
575 1263 908 1296 Commentariorum
941 1263 975 1295 in
1008 1263 1240 1295 Hexaiimeron
1273 1265 1331 1296 da-

190 1337 283 1361 mnat
305 1326 502 1368 anagogicas
526 1326 632 1369 ipsius
657 1325 894 1368 expositiones,
921 1325 1041 1369 quibus
1064 1325 1213 1358 Virtutes
1234 1339 1332 1370 quas-

192 1392 268 1423 dam
292 1389 496 1432 superiores,
522 1399 606 1431 quae
632 1386 746 1418 locum
774 1386 806 1418 in
829 1387 928 1419 coelo
942 1396 1057 1419 tenere
1078 1388 1217 1420 meritae
1241 1398 1330 1429 sunt,

192 1443 305 1497 aquis,
336 1463 421 1495 quae
452 1460 530 1481 sunt
562 1462 665 1492 supra
696 1449 965 1487 firmamentum,
997 1448 1177 1490 significari
1211 1451 1332 1493 docet;

193 1527 278 1559 quae
306 1525 385 1544 vero
411 1511 490 1543 inde
515 1504 712 1543 deturbatae
737 1520 830 1550 sunt,
862 1510 956 1555 aquis
987 1512 1116 1552 notari,
1147 1526 1232 1558 quae
1254 1523 1332 1547 sunt

191 1578 252 1610 sub
278 1575 389 1607 coelo.

283 1637 342 1669 Vl.
389 1636 480 1667 Dum
513 1647 578 1678 pro
596 1634 758 1677 xOrigene
790 1644 915 1668 starent
940 1635 1105 1668 semones
1129 1636 1198 1676 illi,
1223 1637 1332 1681 ipsum

194 1701 257 1734 sibi
284 1699 318 1731 iu
343 1697 523 1730 scribendo
549 1697 780 1729 assectandum
808 1698 1025 1741 proponebat
1050 1697 1198 1731 Hilarius
1224 1699 1333 1732 Picta·

197 1761 328 1794 viensis.
377 1760 497 1792 Narrat
522 1758 649 1802 quippe
675 1759 970 1804 Hieronymus,¹)
1002 1760 1089 1792 hunc
1121 1760 1155 1793 in
1187 1761 1332 1808 Phrygia

196 1824 401 1856 exsulantem
426 1832 578 1861 magnam
605 1820 816 1852 Psalmorum
848 1830 979 1865 partem
1015 1823 1268 1856 commentariis
1293 1823 1334 1855 il-

197 1887 361 1922 lustrasse,
385 1882 418 1914 iu
446 1894 555 1925 eoque
581 1895 685 1925 opere
710 1883 876 1915 imitatum
903 1883 1003 1915 fuisse
1027 1883 1221 1925 Origenem,
1250 1897 1334 1917 non-

197 1949 297 1980 nullis
323 1955 434 1978 tamen
461 1945 502 1976 de
528 1957 588 1976 suo
615 1944 773 1988 adjectis3
804 1944 1033 1988 expositiones
1069 1945 1169 1978 etiam
1208 1947 1241 1979 in
1273 1948 1333 1979 Ju-

1330 1995 1343 2002 s

296 2122 326 2163 ¹)
353 2117 624 2158 Chnllicronym
651 2118 692 2149 de
718 2118 832 2162 script.
859 2120 976 2151 eccles.
1002 2120 1035 2151 iu
1049 2119 1192 2160 Hilario,
1218 2122 1291 2155 libr.
1310 2123 1333 2156 Ι.

203 2167 346 2211 Apulo-5.
381 2165 510 2196 mlx-ers.
545 2164 654 2195 Rusm.
689 2176 760 2207 cap.
787 2166 836 2201 2.,
871 2174 901 2195 et
936 2165 1009 2197 libr.
1047 2165 1088 2196 ll.
1122 2178 1192 2210 cap.
1219 2167 1269 2207 4.,
1303 2178 1332 2199 et

199 2213 335 2251 prolog.
363 2211 394 2241 in
423 2210 495 2240 libr.
525 2209 565 2242 ll.
593 2208 725 2241 Comm.
753 2209 784 2241 in
812 2209 925 2247 Mich,
953 2219 980 2241 et
1009 2210 1104 2253 epist.
1126 2211 1178 2244 75.
1205 2213 1331 2244 advers.

201 2257 428 2298 N'igilautium.
