1413 2482
189 80 256 115 266
465 79 504 112 ΙΝ
531 78 691 112 Ανοιοῡ,
717 78 853 112 Smer!
877 78 1056 114 PAmrfflu

190 169 496 216 dispensationibus
520 167 718 209 haesitaret,
749 181 812 213 per
843 181 1006 214 soporem
1035 169 1102 204 sibi
1130 184 1149 205 a
1172 172 1328 206 Domino

190 234 257 267 tale
289 232 418 278 aliquid
452 231 586 265 dicebat
622 241 813 265 ostensum:
851 232 946 277 quod
978 232 1071 267 navis
1102 233 1134 267 ei
1164 235 1329 280 quaedam

189 299 480 330 demonstraretur
503 294 633 328 eminus
657 295 838 328 adventare
862 307 924 340 per
953 295 1110 340 pelagus,
1143 309 1227 342 quae
1252 311 1330 330 cum

188 369 328 405 portum
362 357 482 391 suisset
506 357 670 401 ingressa,
702 359 814 391 nodos
844 370 923 391 suae
955 357 1186 392 haesitationis
1216 360 1329 394 absol-

190 431 292 456 veret.
339 420 526 463 Exsurgcns
551 433 651 462 vero,
685 434 762 455 cum
794 421 836 454 de
861 421 933 454 visu
965 418 1133 454 sollicitus
1158 420 1331 463 cogitaret,

188 497 250 517 nos
274 482 509 529 supervenisse
541 483 652 517 aiebat
682 483 717 516 in
748 492 924 529 tempore:
956 483 1079 529 quibus
1111 483 1272 517 continuo
1298 494 1331 518 et

189 547 354 592 opuscula
378 559 448 587 sua,
474 555 507 579 et
530 545 786 589 ambiguitatem
810 544 985 586 indicavit,
1011 555 1044 580 et
1067 546 1187 581 visum.
1236 546 1332 590 Quid

186 621 293 654 porro
320 607 504 652 Origenes,
534 622 636 654 quem
666 608 939 654 opinatissimum
971 609 1064 655 apud
1088 608 1239 643 Graecos
1271 622 1331 643 au-

188 673 314 714 dierat,
345 671 487 705 sentiret
511 672 554 705 de
580 671 705 705 talibus
737 681 995 717 percunctatur,
1025 671 1244 718 breviterque
1265 672 1331 707 sibi

188 734 260 781 ejus
291 735 334 769 de
367 734 508 778 singulis
538 734 728 781 quibusque
759 735 941 769 sententias
966 744 1041 769 orat
1068 734 1205 781 exponi.
1252 735 1326 779 Ego

184 810 257 831 rem
281 797 432 843 primum
457 797 612 831 dicebam
629 798 720 832 sactu
740 805 809 831 es'se
823 797 1019 841 difficilem
1043 806 1197 833 sanctum
1214 807 1327 832 tamen

183 860 405 906 Pamphilum
428 870 611 909 martyrem
636 861 706 895 dixi
739 860 884 907 quadam
909 874 947 894 ex
978 869 1074 906 parte
1107 860 1176 894 tale
1199 860 1329 907 aliquid

186 923 300 969 operis
337 924 576 969 conscripsisse
611 924 648 958 in
676 922 905 969 Apologetico
943 935 1017 957 suo.
1078 922 1253 958 Continuo
1292 923 1328 957 id

185 986 250 1020 sibi
279 986 392 1031 poscit
415 986 450 1019 in
474 986 634 1020 Latinum
656 986 754 1021 verti.
799 986 945 1020 Nullum
970 986 1126 1020 dicebam
1149 999 1205 1020 me
1228 999 1328 1020 usum

183 1048 421 1097 hujuscemodi
454 1049 567 1094 operis
598 1049 773 1090 habuisse,
806 1057 840 1082 et
871 1049 915 1082 ad
945 1048 1102 1083 Latinum
1133 1061 1328 1083 sermonem

183 1111 364 1147 tricennali
398 1111 466 1159 jam
504 1124 592 1157 pene
625 1111 757 1145 incuria
787 1110 968 1157 torpuisse.
1022 1111 1175 1146 Perstitit
1213 1121 1327 1146 tamen

185 1175 370 1220 deprecans
396 1174 636 1221 qualicumque
660 1187 817 1208 sermone
841 1173 999 1208 notitiam
1022 1174 1088 1208 sihi
1111 1183 1243 1209 tantum
1267 1188 1327 1208 eo-

184 1251 270 1280 rum,
296 1251 382 1284 quae
407 1236 582 1283 cupiebat,
609 1238 752 1272 ostendi.
802 1237 956 1283 Cumque
980 1236 1017 1271 id
1041 1250 1110 1283 quo
1135 1237 1235 1284 potui
1259 1251 1328 1272 ser-

182 1314 286 1334 mone
310 1301 478 1342 secissem,
502 1299 624 1346 majori
649 1299 820 1334 desiderio
846 1313 1004 1334 accensus
1030 1309 1080 1334 est
1102 1301 1147 1334 ad
1171 1300 1230 1335 illa
1253 1301 1327 1347 ipsa

183 1363 317 1409 plenius
343 1364 588 1406 cognoscenda,
615 1376 632 1397 e
658 1363 779 1409 quibus
803 1376 911 1409 pauca
936 1363 1008 1404 illa,
1033 1377 1117 1409 quae
1142 1365 1324 1398 transtule-

183 1440 276 1468 ram,
306 1425 512 1460 videbantur
532 1435 688 1460 assumta.
735 1427 961 1460 Excusantem
985 1440 1041 1460 me
1071 1440 1192 1470 urgere
1222 1427 1323 1463 vehe-

184 1489 331 1523 mentius
357 1490 489 1536 coepit‚
516 1500 550 1523 et
573 1491 635 1523 sub
658 1489 727 1523 Dei
750 1489 950 1523 testimonio
977 1490 1176 1532 convenire,
1199 1503 1243 1524 ne
1263 1491 1327 1525 sibi

183 1555 226 1587 ad
252 1567 338 1599 opus
360 1554 510 1594 bonum,
543 1564 629 1598 quae
653 1566 687 1587 se
712 1552 835 1587 auxilia
857 1552 972 1599 juvare
996 1562 1154 1598 possent,
1184 1554 1328 1597 denega-

183 1630 266 1650 rem.
315 1617 472 1662 Cumque
498 1616 730 1651 vehementius
753 1614 942 1655 insisteret,
965 1624 999 1649 et
1025 1615 1229 1650 desiderium
1255 1616 1326 1662 ejus

184 1680 371 1712 secundum
395 1681 511 1713 Deum
536 1669 608 1714 esse
637 1679 886 1725 perspicerem,
919 1678 1072 1725 acquievi
1103 1679 1259 1720 tandem,
1292 1688 1326 1712 et

185 1742 425 1787 interpretatus
457 1756 565 1779 sunm«
616 1744 663 1776 At
686 1756 767 1776 vero
793 1742 1022 1789 Hieronymus
1046 1741 1104 1776 lib.
1120 1741 1181 1775 Ill.
1207 1743 1326 1776 adver-

184 1819 238 1839 sus
268 1805 432 1838 Rufinum
467 1805 515 1839 sic
552 1804 685 1839 deridet
714 1806 800 1839 hane
831 1805 948 1838 Rufini
980 1804 1229 1842 narrationemt
1263 1806 1323 1840 »O

183 1868 373 1910 triremem,
405 1868 533 1914 inquit,
568 1867 891 1913 locupletissimam,
923 1880 1009 1912 quae
1035 1867 1267 1903 Orientalibus
1291 1878 1325 1902 et

183 1931 358 1979 Aegyptiis
392 1931 563 1966 mercibus
595 1932 769 1966 Romanae
803 1929 896 1963 urbis
934 1930 1041 1966 ditare
1069 1939 1207 1966 venerat
1241 1943 1325 1977 pau·

183 1995 368 2043 pertatem!

657 2058 712 2091 Tu
735 2057 898 2091 maximus
923 2057 982 2090 ille
1008 2070 1061 2097 es,

332 2120 437 2159 ‚Unus
461 2120 520 2168 qui
543 2120 641 2155 nobis
665 2120 845 2155 scribendo
871 2120 1019 2155 restituis
1042 2132 1129 2155 rem.

181 2184 273 2227 Ergo
297 2183 363 2218 nisi
394 2185 436 2218 de
460 2184 602 2219 Oriente
628 2184 791 2225 venisses,
812 2183 1068 2218 'eruditissimus
1091 2183 1143 2217 vir
1165 2184 1318 2219 haereret

183 2247 293 2280 adhuc
323 2248 413 2281 inter
444 2247 722 2289 Mathematicus,
755 2257 787 2280 et
817 2246 970 2281 homines
994 2246 1205 2289 Christiani,
1237 2247 1319 2293 quid

185 2319 302 2347 contra
336 2311 442 2348 satum
478 2311 694 2355 dissererent,
734 2311 966 2356 ignorarent.«
1024 2308 1318 2350 Eminentissimus
