1413 2482
183 95 228 129 oti
519 94 628 127 Parni
662 94 834 127 Daumius
860 94 990 127 Hue‘rn

187 183 294 227 pitula
319 197 336 216 a
362 184 553 217 Justiniano
580 185 834 217 damnaremur:
863 182 954 216 tcstis
971 181 1151 215 Facundus
1175 179 1329 213 Hermia-

190 245 300 278 nensis
325 246 506 291 episcopus
533 245 608 279 libr.
636 246 664 280 1.
691 246 732 278 ad
756 244 878 279 Justin.
905 257 977 289 cap.
1001 244 1034 279 2.
1084 242 1255 282 »Invenit,
1279 242 1329 275 in-

190 306 281 350 quit,
313 307 537 341 desideratam
569 307 782 340 occasionem
815 305 1090 350 (Haereticorum
1114 304 1267 350 spiritus)
1292 317 1330 336 ex

190 367 306 400 furore
331 371 557 413 quorundam,
582 369 640 414 qui
664 370 727 401 sub
752 368 890 401 nornine
917 367 1106 401 Christiano
1131 367 1274 400 latenter
1297 365 1331 398 in

192 429 330 462 ecclesia
362 432 486 473 gentile
518 432 675 474 Origenis
709 432 829 474 dogma
861 420 1040 463 sectantur.
1095 429 1139 462 Et
1170 428 1247 474 quia
1271 440 1333 473 per

194 490 384 526 instantiam
410 503 485 527 tuae
509 493 683 536 religionis
710 492 858 538 ejusdem
878 492 1013 537 profani
1031 490 1198 534 dogmatis
1213 489 1332 524 iterata

194 552 366 587 damnatio
392 565 458 598 est;
483 555 559 588 hinc
585 556 655 601 ejus
679 564 862 588 sectatores
883 563 1076 587 exarserunt
1100 553 1257 586 adversus
1279 565 1333 584 ec-

194 614 349 657 clesiam,
386 627 586 662 quaerentes
617 631 690 651 eam
725 629 926 662 quacunque
952 624 1091 660 possent
1114 615 1148 647 in
1173 613 1333 647 missione

193 678 339 713 turbare.
386 679 432 712 Et
463 680 528 713 hoc
560 689 672 712 totum
706 679 877 724 publicam
909 676 1063 711 notitiam
1095 689 1163 710 non
1196 676 1335 718 effugit:

194 741 394 783 praesertim
420 755 497 776 cum
524 751 556 775 et
580 741 798 774 Domitianus
832 739 970 785 quidem
995 737 1195 784 Ancyrensis
1220 737 1337 771 civita-

192 801 234 832 tis
259 801 441 848 episcopus
465 802 664 848 provinciae
688 802 818 848 primae
852 800 1024 841 Galatiae,
1055 800 1114 846 qui
1144 799 1210 833 suit
1231 799 1337 845 ipsius

196 863 421 906 Origenianae
459 866 604 899 haeresis
641 865 838 898 manifestus
877 872 1040 903 assertor,
1076 876 1138 907 per
1168 862 1338 903 libellum,

194 939 295 970 quem
320 928 361 960 ad
385 927 616 961 beatissimum
641 928 770 972 Papam
795 925 960 968 Vigilium
989 924 1144 968 scripsit,
1176 924 1254 957 Deo
1282 936 1338 956 ex·

194 996 375 1033 torquente
402 989 576 1024 confessus
602 999 670 1031 est,
700 989 794 1034 quod
820 987 891 1032 ejus
917 986 1102 1031 complices
1128 985 1338 1028 Origeuiani,

194 1062 272 1082 cum
296 1050 448 1084 viderent
480 1064 550 1084 non
581 1064 616 1084 se
648 1064 748 1096 posse
781 1048 960 1095 proprium
986 1048 1109 1089 dogma
1143 1048 1339 1087 defendere,

193 1124 304 1157 neque
328 1112 393 1146 sibi
417 1112 599 1158 quicquam
623 1113 695 1157 spei
727 1112 768 1145 de
802 1110 964 1144 conflictu
988 1119 1133 1149 restare,
1166 1110 1208 1142 ad
1233 1108 1340 1142 ultio-

195 1186 272 1206 nem
298 1187 438 1219 eorum,
475 1187 560 1219 quae
592 1183 709 1207 contra
742 1173 926 1215 Origenem
951 1181 1041 1214 gesta
1065 1180 1160 1211 sunt,
1183 1171 1266 1204 haec
1286 1183 1340 1204 ec-

196 1235 316 1269 clesiae
341 1236 499 1270 scandala
525 1245 796 1270 commoverunt.
812 1249 829 1264 «
881 1235 987 1279 Quod
1012 1242 1045 1266 et
1070 1232 1191 1266 clarius
1214 1231 1341 1278 repetit

193 1297 269 1331 libr.
296 1298 354 1332 lV.
382 1311 453 1344 cap,
478 1299 511 1333 4.

283 1360 377 1393 XIV.
426 1360 548 1393 Utrum
584 1371 690 1403 porro
730 1359 771 1391 de
806 1358 953 1401 Origene
993 1370 1031 1390 ac
1069 1355 1270 1398 Origenistis
1305 1355 1338 1388 in

195 1420 312 1466 quinta
334 1422 469 1469 synodo
495 1430 609 1453 actum
632 1420 694 1460 sit,
725 1420 992 1463 investigandum
1025 1427 1089 1451 est:
1119 1430 1198 1450 nam
1233 1418 1275 1451 de
1300 1417 1341 1451 iis

193 1482 329 1528 penitus
352 1483 484 1516 siluisse
508 1482 616 1527 ipsam
633 1482 735 1516 -nulla
758 1495 837 1515 usus
863 1480 1065 1515 circuitione
1087 1479 1268 1522 ‚Halloxius
1291 1492 1342 1512 as-

194 1545 319 1587 seruit;
344 1554 376 1578 et
401 1557 486 1590 quae
511 1554 606 1584 ante,
632 1544 685 1577 vel
711 1554 790 1589 post
814 1543 1012 1577 Concilium
1036 1542 1194 1575 adversus
1219 1541 1340 1584 Orige-

194 1618 274 1638 nem
298 1615 388 1649 gesta
411 1615 507 1645 sunt,
541 1619 579 1639 ea
609 1606 736 1640 multos
761 1607 814 1639 vel
843 1606 924 1639 odio
951 1604 1122 1647 Origenis,
1154 1603 1207 1636 vel
1232 1603 1341 1648 impe-

196 1668 300 1701 ratori
324 1668 517 1709 adulantes,
549 1669 823 1702 vel·humanitus
848 1668 982 1713 lapsos,
1018 1666 1053 1699 in
1079 1665 1238 1700 Concilio
1265 1664 1340 1710 ipso

195 1740 285 1772 gesta
309 1730 491 1775 scripsisse.
539 1731 712 1776 Equidem
736 1730 785 1764 sic
811 1730 895 1763 olim
921 1728 1125 1762 existimasse
1148 1740 1203 1760 me
1220 1728 1342 1766 fateor,

196 1793 289 1836 quod
314 1792 431 1838 jactari
459 1794 559 1835 vulgo
586 1803 618 1826 et
644 1792 738 1826 credi
762 1792 870 1832 solet,
901 1790 999 1837 hujus
1023 1789 1225 1823 auctoritate
1250 1789 1342 1822 Con-

197 1853 270 1887 cilii
294 1855 491 1888 damnatum
514 1856 617 1888 fuisse
651 1854 854 1897 Origenem,
887 1853 1115 1898 Origenisque
1140 1850 1343 1891 doctrinam,

196 1915 232 1948 id
257 1915 468 1949 Graecorum
493 1917 612 1950 fraude
645 1917 746 1949 fuisse
779 1915 981 1956 confictum,
1016 1923 1050 1947 et
1072 1914 1108 1947 in
1131 1912 1266 1955 Evagrii
1291 1912 1341 1945 hi-

197 1978 337 2011 storiam
361 1980 502 2011 fortasse
528 1980 700 2012 insertum.
759 1979 811 2011 Ad
836 1978 871 2010 id
898 1978 1106 2010 credendum
1130 1975 1180 2008 his
1206 1974 1342 2020 potissi-

199 2053 292 2073 mum
323 2041 514 2073 rationibus
546 2041 793 2085 promovebar:
833 2039 962 2072 nullam
999 2039 1034 2070 in
1066 2036 1160 2071 Actis
1193 2036 1344 2070 Concilii

202 2103 359 2145 Origenis
394 2112 520 2135 exstare
562 2103 833 2141 damnationem,
870 2101 1000 2133 nullam
1041 2099 1131 2144 apud
1168 2095 1344 2132 Victo'rem

200 2165 460 2205 Tununensem,
484 2164 537 2197 vel
563 2165 781 2203 Facundum,
806 2163 928 2195 horum
954 2172 1150 2207 temporum
1175 2160 1344 2205 aequales,

204 2237 237 2259 et
262 2240 374 2260 rerum
400 2237 566 2269 gestarum
593 2235 703 2258 testes.
752 2226 878 2257 Verum
905 2237 940 2257 re
966 2224 1152 2257 accuratius
1168 2222 1343 2268 pensitam,

199 2298 305 2321 actam
344 2290 375 2321 in
417 2289 547 2336 synodo
591 2287 765 2329 Origenis,
812 2286 1146 2331 origenistarumque
1185 2296 1343 2322 caussam,
