1422 2472
370 89 683 124 omasus-onum
708 88 820 122 Lmen
839 87 881 121 Π.
1150 87 1194 123 97

58 190 152 219 vere,
185 191 315 211 errores
342 179 394 211 vel
427 179 490 223 ipsi
516 180 556 211 ab
580 178 753 212 haereticis
784 179 934 217 affictos,
966 177 1020 210 vel
1051 176 1190 221 abipso

52 252 124 274 non
148 253 188 274 ex
211 241 392 282 sententia,
424 242 483 274 sed
514 254 552 274 ex
578 240 741 287 opinione
767 240 965 286 propositos
990 251 1190 273 asseverans.

55 301 181 336 Contra
200 315 280 336 vero
299 302 441 336 Photius
459 302 854 348 Constantinopolitanus
871 301 1061 347 patriarcha
1085 301 1190 347 ipsius

53 364 202 409 aequalis
227 365 467 399 Adamantium
490 365 679 399 saevissime
705 365 879 411 proscidit.

142 427 269 461 XVIII.
304 428 458 471 Longum
475 437 560 461 esset
577 428 788 471 singulorum
805 427 981 473 explorare
1007 435 1040 458 et
1063 425 1190 458 referre

55 489 274 531 sententiam,
305 490 362 535 qui
391 490 503 524 obiter
526 504 563 524 ac
589 490 681 524 aliud
711 499 844 532 agentes
869 490 911 523 de
937 489 1084 531 Origene
1114 486 1194 521 Ori-

54 551 211 598 genisque
243 551 397 585 doctrina
422 552 503 598 quid
534 552 599 586 sibi
623 552 795 586 videretur
830 551 972 586 strictim
1004 551 1191 584 ediderunt.

56 613 150 658 Quid
181 614 270 648 enim
295 614 482 658 Georgium
506 616 723 662 Syncellum,
755 624 790 648 et
813 614 1075 659 Theophanem3
1110 613 1193 658 quid

57 676 245 720 Georgium
271 677 474 718 cedrenum,
500 677 583 723 quid
596 678 905 726 Theophylactum,
930 676 1014 722 quid
1025 677 1194 709 Joannem

52 739 232 781 Zonaram,
258 739 339 785 quid
363 740 567 774 Michaelem
589 740 743 787 Glycam,
767 740 850 786 quid
866 738 1099 785 Nicephorum
1117 738 1194 772 Cal-

51 800 122 836 listi
146 815 423 845 commemorem,
448 815 467 837 a
492 803 626 849 quibus,
648 811 686 836 ut
710 815 728 835 a
752 810 825 835 tota
848 802 920 834 sere
945 802 1194 835 Graeculorum

52 863 190 898 natione
223 864 372 911 pessime
404 875 562 912 exceptus
586 865 657 899 est?
705 864 800 908 Quid
824 863 941 898 Nilum
957 864 988 910 ¹)
1015 864 1194 897 Thessalo-

51 926 242 970 nicensem,
273 928 332 974 qui
363 928 448 961 nihil
478 928 525 961 ait
550 927 709 976 Qrigeni,
743 926 1008 961 Christianorum
1041 926 1122 960 licet
1145 940 1194 960 sa-

50 989 275 1035 pientissimo,
300 1000 334 1024 et
345 990 542 1035 Scripturae
558 988 774 1035 peritissimO,
799 989 966 1034 profuisse
983 988 1194 1034 sapientiam,

52 1064 119 1096 quo
143 1051 254 1086 minus
278 1064 297 1085 a
318 1052 398 1085 fidei
428 1051 618 1094 integritate
651 1051 861 1086 descisceret.
909 1051 1029 1085 suidas
1052 1050 1194 1084 Lexico-

51 1113 194 1159 graphiis
226 1127 289 1160 pro
322 1127 419 1148 more
450 1127 512 1147 suo
543 1113 688 1146 aliorum
721 1113 811 1146 dicta
843 1113 1029 1157 compilans
1061 1111 1193 1157 duplici

54 1175 238 1218 Origenem
264 1176 405 1209 donavit
429 1175 552 1218 elogio,
578 1188 724 1220 quorum
748 1174 841 1219 prius
867 1188 904 1207 ex
929 1173 1077 1207 Eusebio
1103 1174 1192 1206 libro

53 1238 95 1271 de
118 1237 234 1282 script.
260 1237 378 1272 eccles.
403 1239 475 1271 sere
501 1238 717 1282 decerptum,
749 1237 808 1270 sed
833 1238 976 1269 confuso
1003 1245 1036 1268 et
1058 1245 1192 1281 pertur-

51 1299 133 1333 bato
152 1299 284 1340 ordine,
307 1299 432 1344 partim
450 1299 550 1333 etiam
569 1312 608 1332 ex
627 1300 758 1333 Graeca
775 1298 1053 1343 interpretatione
1079 1298 1193 1341 elogii,

52 1374 120 1406 quo
145 1361 258 1406 ipsum
290 1361 428 1395 donavit
452 1361 698 1408 Hieronymus,
731 1360 872 1393 mirifice
897 1360 1008 1405 ipsum
1041 1360 1192 1403 extollit;

51 1423 196 1458 alterum
220 1436 301 1457 vero
326 1424 546 1470 depromtum
571 1423 756 1463 αὐτολεξεί
777 1436 816 1456 ex
834 1422 991 1456 Cedreno
1015 1422 1192 1455 haereseos

50 1485 163 1531 ipsum
189 1486 328 1519 crimine
354 1487 547 1531 compellat.
580 1485 920 1519 Animadversionem
945 1497 1026 1518 vero
1044 1494 1192 1518 nostram

50 1548 212 1593 postulat,
236 1549 330 1594 quod
347 1562 411 1594 pro
429 1548 576 1592 Origene
593 1548 728 1585 Nicetas
744 1547 878 1593 scripsit
901 1546 1066 1589 elogium:
1095 1547 1192 1580 »Hoc

49 1619 172 1652 autem,
195 1610 316 1656 inquit,
340 1611 375 1644 in
398 1624 529 1644 summa
552 1611 734 1644 dicendum
760 1619 820 1651 est,
845 1609 1028 1652 Origenem
1051 1608 1086 1641 in
1110 1608 1194 1654 phy-

48 1673 124 1706 sicis
154 1673 390 1713 theorematis,
423 1686 610 1718 eorumque
640 1672 830 1716 allegoriis,
859 1685 923 1706 nec
954 1685 1023 1705 non
1053 1671 1098 1704 in‘
1119 1681 1190 1704 tota

50 1735 173 1768 morali
203 1735 382 1780 disciplina
413 1735 594 1769 doctorum
625 1735 782 1769 omnibus
816 1733 1106 1779 acceptissimum,
1138 1746 1192 1766 ac-

50 1797 465 1843 commodatissimumque
490 1797 609 1838 fuisse,
639 1806 740 1842 atque
764 1797 849 1830 adeo
876 1809 971 1837 eum,
1003 1797 1062 1841 qui
1086 1794 1190 1829 virtu-

50 1867 121 1892 tum
145 1859 335 1893 actionibus
359 1872 394 1893 se
417 1859 562 1893 maxime
588 1860 741 1892 omnium
758 1868 937 1893 exerceret.
967 1857 1075 1904 Hujus
1101 1858 1190 1891 enim

51 1921 202 1955 exercitii
232 1921 346 1955 studio
378 1921 482 1955 vitam
511 1935 618 1967 usque
654 1922 739 1955 adeo
773 1922 964 1962 excolebat,
1000 1930 1039 1953 ut
1070 1930 1188 1966 pectus

51 1981 138 2027 eju-5,
172 1984 461 2028 quemadmodum
492 1984 602 2030 ajunt,
636 1996 716 2029 prae
748 1983 852 2017 nimia
881 1983 931 2016 rei
963 1982 1190 2030 cujuscunque

51 2043 215 2078 animatae
240 2046 447 2079 continentia
477 2055 510 2079 et
533 2046 733 2079 abstinentia
764 2046 937 2079 exciderit.
985 2047 1031 2078 At
1054 2045 1087 2078 in
1113 2057 1189 2077 vera

52 2106 138 2146 side,
168 2106 275 2152 iisque
300 2108 505 2153 disciplinis,
539 2122 622 2153 quae
656 2108 821 2154 majorem
854 2107 1190 2152 contemplationem,

52 2176 151 2212 atque
175 2167 327 2212 inprimis
352 2169 578 2211 theologicam
612 2170 807 2214 requirunt,
842 2171 993 2203 omnium
1020 2178 1190 2214 quotquot

148 2289 178 2334 ¹)
206 2289 275 2323 Csr.
294 2290 360 2323 Nil.
380 2290 421 2322 de
446 2290 546 2334 prim.
560 2291 672 2336 Papae
697 2305 714 2325 a
731 2293 899 2326 Salmasio
919 2292 1028 2324 editus
1052 2304 1122 2336 pag.
1136 2290 1189 2325 63.

103 2351 276 2385 Omen-ms
303 2351 439 2384 Opem.
475 2351 571 2385 Tom.
598 2351 720 2386 XXIV.
980 2352 1000 2387 7
