1422 2472
386 97 697 131 ORtGENtANORUM
723 98 835 131 Lmen
860 97 905 130 11.
1156 96 1201 131 55

68 185 190 230 partim
217 186 442 218 Heterodoxis
468 187 550 220 hanc
576 187 761 220 constitisse
793 197 959 220 catervam
984 194 1087 231 puto;
1111 186 1196 218 adeo

69 256 105 279 ut
130 247 178 280 illi
205 260 242 279 ex
268 247 392 287 animo,
419 247 452 279 hi
478 262 536 280 ore
562 258 658 282 tenus
683 262 813 282 errores
839 247 992 291 Origenis
1018 248 1197 279 damnave-

67 309 142 342 rint.
192 309 289 352 Quae
313 323 388 342 cum
415 310 656 356 Chrysostomo
683 311 820 343 minime
836 319 1011 355 perspecta
1035 322 1105 342 esse
1118 321 1198 354 pos·

66 380 147 409 sent,
173 372 275 404 corda
299 372 376 403 Deo
401 372 575 404 scrutanda
601 372 811 417 relinquens,
844 371 954 404 verbis
978 371 1057 403 illos
1081 370 1196 402 haerc-

66 432 116 464 siu
142 433 284 478 ejurasse
315 433 390 464 satis
422 433 547 465 habuit.
595 434 746 466 Accessit
771 434 893 466 eodem
918 433 1058 465 fortasse
1083 431 1194 476 aliqua

67 495 262 536 Origeniani
286 493 433 526 nominis
457 495 661 535 reverentia,
695 495 787 541 cujus
817 495 941 539 scripta
972 493 1121 527 studiose
1149 493 1196 525 le-

66 556 195 588 ctitasse
224 557 409 595 Joannem,
450 556 624 600 multaque
663 570 701 589 ex
732 557 772 589 iis
803 557 843 589 ad
876 569 955 589 suos
986 554 1193 587 transtulisse

64 630 140 649 usus
164 618 355 650 observasse
379 617 463 650 mihi
487 618 616 659 videor,
642 628 675 651 et
699 618 731 651 in
756 619 973 664 sequentibus
990 616 1079 649 not-is
1100 629 1194 648 com-

62 680 229 723 probasse.

150 740 324 773 Eudoxiae
350 754 487 786 quoque
513 742 678 783 Augustae
713 741 953 773 humanitatem
977 737 1189 781 Origenistae

61 801 188 846 experti
211 810 304 843 sunt;
329 802 504 846 proditum
530 804 656 847 quippe
681 812 731 835 est
763 816 781 835 a
811 802 1009 836 Sozomeno
1037 810 1072 834 et
1091 800 1192 834 Nice-

60 864 181 907 phoro,
206 864 247 895 ad
273 876 357 903 eam,
382 877 458 896 cum
481 865 571 897 sorte
597 878 696 897 curru
722 864 1051 910 praeterveheretur,
1081 876 1192 895 acces—

60 924 138 957 sisse
163 925 358 965 monachos,
381 925 513 970 sibique
539 926 646 958 illatas
670 939 687 958 a
713 926 908 970 Theophila
927 925 1063 971 injurias
1088 937 1190 968 expo-

60 986 180 1026 suisse,
207 986 290 1018 hanc
322 986 452 1020 honore
484 987 565 1032 ipsis
598 989 712 1020 habito
748 987 952 1032 pollicitam,
976 988 1128 1019 futurum
1153 994 1190 1017 ut

59 1047 153 1080 brevi
190 1057 367 1090 cogeretur
400 1050 566 1095 synodus,
606 1051 646 1082 ad
679 1063 819 1094 eamque
855 1048 1069 1093 Theophilus
1109 1060 1188 1080 evo-

59 1119 199 1141 ('‹lrl-¹[Ul⁸·

147 1171 189 1202 X.
237 1170 330 1202 Dum
362 1170 442 1202 haec
474 1181 666 1213 agerentur,
710 1170 920 1216 Epiphanius
946 1171 1052 1203 literis
1075 1170 1188 1203 Theo-

59 1232 144 1276 phili
166 1231 330 1276 acccptis,
362 1232 481 1276 quibus
505 1234 546 1265 ad
573 1235 823 1265 convocandam
854 1233 1042 1279 shnodum,
1073 1240 1106 1264 et
1131 1232 1188 1263 da-

58 1294 220 1325 mnandos
244 1293 449 1335 Origenistas
473 1294 647 1327 incitatum
674 1295 775 1327 fuisse
803 1307 904 1339 supra
936 1293 1097 1332 diximus,
1129 1305 1187 1324 co-

56 1358 102 1397 git
126 1355 364 1400 cpiscoporum
391 1355 593 1400 Cypriorum
627 1357 839 1396 Concilium,
871 1356 1037 1388 librorum
1069 1353 1186 1395 Orige-

56 1417 105 1450 nis
137 1416 320 1449 lectionem
351 1417 489 1449 decreto
514 1418 693 1462 prohibet,
731 1417 823 1463 cujus
855 1418 983 1450 decreti
1014 1415 1186 1460 exemplar

56 1492 132 1511 cum
157 1478 218 1510 alia
243 1477 276 1509 in
303 1478 396 1518 loca,
419 1488 489 1511 tum
514 1479 696 1525 praecipue
724 1478 1048 1524 Constantinopolin
1070 1477 1186 1514 mittit,

53 1542 218 1573 Joannem
245 1540 287 1572 ad
311 1540 401 1572 idem
427 1541 617 1573 faciendum
642 1541 832 1574 adhortans.
882 1540 1072 1573 Collectam
1098 1551 1183 1583 quo-

55 1615 119 1647 que
143 1615 160 1634 a
186 1601 382 1646 Theophilo
412 1612 531 1646 postca
561 1603 726 1649 synodum
756 1602 976 1635 Alexandriae
999 1602 1117 1634 eadem
1142 1601 1185 1632 de

55 1676 166 1697 caussa
190 1662 292 1696 fuisse
317 1663 466 1696 scribunt
491 1664 659 1703 Socrates,
685 1673 717 1696 et
742 1665 972 1705 Sozomenus3
999 1672 1097 1705 negat
1119 1662 1184 1694 Ba-

53 1727 178 1765 ronius,
204 1734 236 1757 et
260 1738 438 1769 perperam
464 1726 505 1757 ad
537 1725 571 1758 id
595 1735 729 1770 tempus
757 1726 895 1757 relatam
929 1724 1030 1757 fuisse
1056 1725 1097 1756 ab
1122 1723 1184 1755 im-

54 1787 146 1832 puris
170 1786 392 1831 scriptoribus
418 1788 583 1832 synodum
610 1787 870 1819 Alexandrinam
895 1786 1024 1827 asserit,
1060 1794 1182 1830 utpote

53 1861 136 1893 quae
159 1847 226 1894 jam
250 1857 326 1881 ante
351 1850 461 1881 suerat
486 1849 662 1882 celebrata.
710 1849 782 1891 Ego
815 1862 896 1881 vero
922 1848 1003 1893 quid
1027 1857 1182 1886 statuam,

52 1922 118 1942 non
142 1910 273 1952 habeo;
303 1923 379 1943 nam
410 1924 478 1943 non
502 1925 606 1943 unum
631 1911 787 1942 adversus
819 1910 1026 1953 Origenistas
1059 1909 1183 1941 confla-

54 1981 124 2003 tum
156 1972 256 2004 fuisse
284 1972 476 2005 Concilium
508 1982 619 2005 narrat
650 1971 910 2004 posthumianus
943 1972 1033 2017 apud
1064 1970 1181 2015 Sulpi-

53 2033 135 2064 tium
161 2034 323 2066 Severum
350 2034 472 2076 dialog.
500 2035 527 2068 1.
555 2048 625 2078 cap.
652 2033 684 2068 3.

141 2094 198 2126 Xl.
248 2095 365 2128 Missas
395 2097 436 2128 ad
468 2109 501 2128 se
534 2097 575 2127 ab
600 2094 791 2139 Epiphanio
824 2105 856 2127 et
887 2093 1081 2139 Theophilo
1108 2092 1179 2135 cpi-

52 2155 174 2194 stolas,
215 2165 409 2201 paratasque
445 2157 509 2190 sibi
550 2157 684 2189 insidias
720 2156 867 2198 neglexit
907 2157 1179 2201 Chi-ysostomus,

52 2217 268 2260 animumque
298 2217 331 2250 in
365 2219 588 2251 ecclesiastic-a
619 2217 824 2250 restituenda
849 2217 1026 2260 disciplina
1052 2214 1177 2247 habuit.

52 2278 165 2320 Legati
201 2278 336 2312 interim
373 2293 391 2312 a
427 2280 621 2324 Theophila
664 2278 982 2323 Constantinopolin
1023 2275 1179 2309 monachi
