1413 2482
195 96 241 130 82
535 95 648 128 Pam-m
674 94 849 127 Dmums
875 94 1006 128 Hue‘rn

200 186 282 220 tifex
307 184 429 218 mentis
461 186 601 218 facultas
637 185 750 227 fingit,
783 185 830 217 sic
863 194 1022 230 tanquam
1053 186 1120 218 Dei
1154 186 1256 218 effata
1280 184 1343 218 sibi

201 248 344 293 aliisque
369 259 564 293 proponere
589 257 723 292 promta
756 256 789 279 et
821 246 940 279 facilis.
999 246 1142 280 Minime
1166 257 1280 280 autem
1305 260 1343 279 ex

202 312 336 344 laudata
362 310 396 343 in
420 309 565 354 septima
589 310 726 355 synodo
751 307 948 353 scriptionis
980 308 1072 342 illius
1102 309 1238 342 Moschi
1268 322 1344 354 par-

202 355 308 406 ticula
334 381 446 405 totum
471 384 559 417 opus
584 371 841 405 existimandum
875 383 1014 404 censeo:
1046 371 1162 405 multis
1192 371 1345 417 alioquin

204 434 376 468 damnosis
407 433 699 467 lucubrationibus
732 433 832 477 plena
864 427 1105 478 usque-quaque
1136 432 1345 480 adjungenda

205 506 292 530 esset
316 497 411 537 fides,
436 509 583 541 quorum
607 496 772 528 selectum
797 494 957 539 aliquem,
981 494 1009 528 si
1031 496 1132 536 sorte,
1156 495 1271 528 locum
1296 507 1347 540 sy—

204 560 317 592 nodus
340 558 453 603 aliqua
475 557 699 603 usurpaverit.
748 556 891 599 Vigebat
915 570 952 590 ea
975 566 1176 602 tempestate
1199 558 1346 590 Joannes

206 620 466 660 Grammaticus,
491 629 720 662 cognomento
742 617 967 664 Philoponus,
992 619 1250 659 Alexandrinus,
1273 618 1349 651 lite-

205 683 251 716 ris
284 682 454 728 exquisitis
485 682 639 726 apprime
679 681 848 720 eruditus:
885 682 946 714 sed
979 691 1121 727 propter
1152 680 1348 715 Catholicae

206 745 289 778 fidei
314 743 482 778 contraria
508 744 665 786 dogmata
690 743 779 776 inter
803 743 991 777 haereticos
1014 745 1156 786 relatus3
1179 756 1258 777 nam
1273 742 1350 776 Tri-

206 807 386 840 theitarum
412 819 533 852 parens
557 806 633 846 fuit,
659 815 693 838 et
717 805 808 850 juxta
824 805 1009 848 Origenem
1030 819 1216 851 corporum
1239 818 1349 839 resur-

205 869 396 903 rectionem
420 868 583 901 infitiatus
608 877 668 908 est,
692 867 819 913 scripto
844 868 879 901 in
903 868 938 901 id
963 878 1197 911 argumentum
1221 868 1350 913 Opere,

206 944 276 977 quo
302 932 443 964 Patrum
467 930 702 963 auctoritatem
730 930 879 962 ludibrio
904 931 1038 972 habuit;
1061 932 1119 964 sed
1145 944 1163 964 a
1187 930 1350 964 Theodo-

205 993 257 1027 sio
281 993 471 1032 monacho,
503 992 664 1031 Conone,
688 991 862 1034 Eugeuio,
887 1001 921 1025 et
944 993 1133 1026 Themistio
1159 992 1352 1026 luculenter

207 1056 370 1089 refutatus
387 1055 417 1099 ¹)
444 1064 502 1087 est.

296 1118 340 1150 X.
388 1119 434 1149 At
464 1115 670 1149 Theodorus
703 1114 860 1156 Ascidas,
895 1116 1163 1159 Origenistarum
1201 1126 1234 1150 et
1264 1119 1349 1150 Ace-

206 1179 408 1225 phalorum,
431 1177 501 1210 sive
529 1176 850 1223 Monophysitarum
876 1178 1048 1220 columen,
1072 1191 1150 1212 cum
1167 1179 1350 1222 Origenem

209 1243 251 1275 ab
283 1240 454 1287 episcopis
494 1238 673 1273 Iustiniani
707 1252 812 1284 opera
843 1242 1064 1285 reprobatum
1104 1254 1201 1284 aegre
1232 1241 1348 1280 ferret,

207 1304 432 1337 Theodorum
456 1301 686 1347 Mopsuestiae
713 1300 933 1346 episcopum,
965 1302 1173 1345 Origeniano
1205 1302 1348 1344 nomini,

207 1367 290 1398 dum
322 1365 467 1405 viveret,
506 1363 694 1403 infensum,
735 1373 768 1396 et
798 1364 914 1397 multis
945 1365 1104 1398 adversus
1136 1378 1214 1399 eum
1250 1364 1349 1397 editis

208 1427 392 1472 Opusculis
426 1426 596 1459 celebrem
628 1426 894 1470 oppugnandum
933 1426 1015 1468 sibi,
1058 1436 1091 1460 et
1129 1426 1348 1460 anathematis

206 1489 457 1535 subjiciendum
481 1487 682 1533 proposuit,
720 1488 765 1520 ob
789 1487 825 1520 id
849 1487 1014 1529 maxime,
1047 1490 1141 1536 quod
1164 1502 1183 1522 a
1208 1489 1348 1523 Chalce-

206 1552 351 1585 donensi
374 1551 506 1598 synodo
531 1552 642 1583 suerat
667 1550 832 1584 laudatus.
883 1550 1087 1596 Imperatori
1117 1551 1230 1597 itaque
1256 1551 1346 1586 Con-

206 1614 275 1647 cilii
309 1614 405 1660 hujus
437 1614 674 1646 auctoritatem
707 1613 866 1645 adversus
897 1613 1090 1658 Acephalos
1119 1613 1254 1659 scriptis
1289 1613 1348 1646 de-

203 1677 368 1716 fendenti,
393 1677 508 1709 favore
534 1675 737 1708 Theodorae
762 1684 920 1716 augustae
937 1675 1093 1717 suggerit,
1118 1676 1242 1709 frustra
1265 1676 1347 1709 scri-

204 1739 308 1771 bendi
342 1739 494 1770 laborem
526 1738 567 1769 ab
602 1750 643 1769 eo
669 1737 814 1781 suscipi,
846 1737 904 1782 qui
934 1747 1050 1782 posset
1079 1738 1272 1783 Acephalos
1304 1739 1346 1771 ad

203 1812 297 1832 suam
323 1800 599 1832 communionem
633 1799 840 1843 compendio
874 1811 1054 1840 revocare,
1085 1798 1114 1832 si
1143 1799 1346 1832 Theodorus

203 1862 479 1907 Mopsuestenus,
505 1871 538 1894 et
555 1862 633 1893 lbae
646 1860 810 1894 Edesseni
833 1861 875 1894 ad
889 1861 1000 1894 Marin
1024 1851 1163 1894 Persam
1187 1861 1344 1906 epistola,

203 1933 324 1968 utpote
349 1924 497 1957 Nestorii
530 1924 585 1955 lue
623 1924 870 1963 contaminata,
909 1932 942 1956 et
973 1922 1185 1957 Theodoreti
1208 1923 1345 1966 castiga-

202 1985 312 2018 tiones
335 1986 493 2018 adversus
519 1985 702 2017 duodecim
729 1985 849 2032 Cyrilli
870 1984 1026 2029 Capitula
1051 1984 1121 2016 sive
1142 1983 1352 2018 anathema!

202 2046 319 2079 tismos
344 2046 490 2078 totidem
514 2047 661 2079 Nestorii
685 2047 980 2080 Anathematismis
1005 2045 1184 2091 oppositos
1208 2047 1344 2080 damua-

202 2118 336 2149 rentur;
367 2108 416 2140 his
451 2108 578 2153 quippe
608 2110 859 2153 Acephalorum
884 2121 960 2141 cum
986 2107 1173 2141 Catholicis
1199 2107 1342 2142 co‘ncor-

201 2170 290 2203 diam
315 2170 458 2202 maxime
483 2170 656 2202 retardari.

290 2295 322 2338 ¹)
348 2294 479 2325 Desunt
505 2293 538 2325 in
563 2294 615 2325 ed.
642 2293 758 2326 Huetii
783 2294 886 2325 altera
913 2294 1030 2327 verba.-
1056 2295 1220 2327 refutatus
1246 2303 1303 2326 est.
