1422 2472
399 91 711 121 OmGEMANonm
744 88 857 120 LmER
883 87 927 120 ΙΙ.
1185 86 1229 120 89

95 176 203 209 venit:
229 177 452 211 Theodorum
479 189 614 222 quoque
640 177 887 210 Caesariensem
919 177 1022 209 totius
1055 186 1228 209 conec—rta-

96 237 197 271 tionis
222 239 397 274 artificem.
444 239 549 282 Quod
579 249 615 271 ut
647 239 688 270 de
720 238 782 270 illo
815 238 946 282 opinari
979 247 1152 282 promtum
1180 248 1228 270 est

93 308 237 343 propter
259 310 441 345 spectatam
462 300 606 333 hominis
631 299 809 339 vafritiem,
834 299 878 331 ita
904 300 945 332 de
962 300 1130 346 Eutychio
1155 313 1227 332 san-

96 360 245 393 ctissimo
278 371 309 394 et
340 361 575 394 candidissimo
614 361 751 393 homine
783 361 945 406 suspicari
986 361 1038 393 vix
1070 361 1226 406 equidem

95 435 244 466 possum.
293 423 438 456 Concilii
462 423 618 468 profecto
645 422 741 467 hujus
767 436 842 454 cum
859 422 998 461 Graeca,
1022 432 1094 454 tum
1111 423 1228 456 Latina

95 484 297 528 exemplaria
320 484 459 517 Macarii
493 484 694 517 Antiocheni
728 493 759 515 et
790 483 954 527 Stephani
986 485 1098 516 studio
1126 485 1228 518 fnisse

96 545 209 578 vitiata
235 545 416 578 declaravit
442 554 531 578 sexta
555 546 702 591 synodus
728 545 863 577 Action.
890 544 955 584 14„
981 555 1013 577 et
1039 548 1225 579 eorundem

96 620 231 652 quoque
255 606 538 640 adulterationem
563 606 770 650 praedicavit
794 606 927 638 Action.
948 605 999 640 19.
1025 608 1087 639 sub
1112 608 1225 642 finem.

96 670 139 700 At
164 670 247 700 Acta
270 678 381 700 tamen
407 668 555 700 Concilii
587 668 715 701 etiamsi
747 667 874 709 integra
897 680 1071 712 superesse
1097 670 1225 709 demus,

92 729 265 762 fatendum
292 739 381 762 certe
407 729 470 762 erit
494 729 528 761 in
552 730 735 762 undecimo
761 742 799 761 ex
823 729 1134 771 Anathematismis,
1168 731 1225 776 qui

91 790 125 823 in
151 791 344 824 Collatione
368 791 399 826 8.
433 799 577 831 exstant,
609 791 793 833 origenem
818 791 907 823 inter
930 791 1015 823 alios
1038 792 1226 824 haereticos

92 854 266 886 anathema
299 866 367 886 esse
398 853 527 886 sanciri.
591 854 635 886 Et
664 853 699 885 in
733 853 927 887 collatione
958 853 1077 886 itidem
1111 854 1225 899 quinta

90 915 173 948 haec
197 916 356 958 leguntur
379 916 497 947 verba:
538 914 602 947 »Et
624 915 752 948 multos
777 915 914 960 quidem
941 914 1042 947 etiam
1066 915 1151 948 alios
1176 916 1226 948 in-

90 977 242 1010 venimus
280 985 360 1022 post
392 986 539 1009 mortem
575 977 886 1009 anathematizatos:
925 989 988 1008 nec
1023 990 1092 1009 11011
1125 977 1225 1010 etiam

90 1039 291 1081 Origenem3
317 1048 349 1071 et
372 1038 400 1071 si
424 1039 465 1071 ad
490 1048 647 1082 tempora
671 1038 856 1083 Theophili
873 1048 1004 1071 sanctae
1028 1039 1226 1079 memoriae,

90 1100 146 1132 vel
170 1100 321 1144 superius
346 1099 466 1143 aliquis
491 1100 683 1139 recurrerit,
707 1109 786 1144 post
809 1108 955 1131 mortem
975 1099 1125 1133 inveniet
1148 1114 1225 1133 aun-

91 1161 354 1194 thematizatum.
403 1160 508 1204 Quod
543 1160 643 1193 etiam
674 1174 762 1192 nunc
794 1160 828 1192 in
853 1160 928 1204 ipso
953 1161 1035 1193 fecit
1060 1170 1093 1192 et
1118 1171 1225 1194 vestra

90 1223 262 1263 sanctitas,
291 1231 324 1254 et
348 1222 489 1263 Vigilius
521 1221 790 1264 religiosissimus
815 1222 907 1266 Papa
932 1222 1130 1266 antiquioris
1156 1223 1225 1255 Ro-

89 1297 194 1316 mae«
245 1283 371 1316 Asserit
395 1293 506 1316 tamen
532 1283 609 1316 satis
633 1284 779 1316 fidenter
802 1284 978 1316 Halloxius
1002 1297 1128 1316 nomen
1146 1285 1224 1318 Ori-

89 1346 181 1389 genis
204 1345 240 1378 in
264 1345 362 1377 allata
388 1357 405 1377 e
438 1344 632 1377 collatione
656 1344 688 1378 8.
720 1345 822 1376 verba
855 1345 956 1377 fuisse
981 1345 1165 1386 intrusum,
1191 1357 1224 1379 et

87 1407 232 1441 aliorum
256 1407 503 1440 haereticorum
532 1405 726 1438 nominibus
758 1405 965 1452 subjectum,
1000 1419 1075 1439 cum
1107 1408 1223 1452 priore

89 1470 167 1502 loco
205 1470 321 1503 suisset
364 1469 574 1513 ponendum.
641 1467 748 1511 Quasi
788 1481 856 1500 non
894 1468 995 1500 etiarn
1033 1469 1219 1503 Theodoro

87 1533 332 1577 Mopsuesteno
357 1530 512 1572 Origenis
530 1543 656 1563 nomen
681 1530 827 1576 Cyrillus
852 1531 887 1562 in
907 1531 986 1562 loco
1008 1543 1087 1563 mox
1112 1544 1129 1563 e
1155 1531 1222 1564 vita

87 1595 194 1628 Sabae
219 1595 401 1638 depromto
426 1592 648 1637 subjunxerit,
670 1602 708 1624 ut
726 1593 824 1637 plura
842 1593 996 1636 exempla
1017 1594 1144 1625 referre
1168 1607 1223 1626 su·

88 1656 296 1700 persedeam,
319 1656 354 1687 in
380 1655 500 1699 quibus
524 1654 620 1686 nullo
640 1654 842 1693 discrimine,
866 1655 960 1688 nulla
977 1655 1141 1699 temporis
1167 1655 1221 1687 ha-

86 1717 156 1750 bita
179 1717 308 1750 ratione
332 1717 472 1749 nomina
502 1726 726 1748 recensentur.
778 1717 932 1748 Alterum
963 1716 1080 1749 itidem
1106 1717 1219 1750 locum

89 1780 291 1812 Collationis
316 1781 346 1814 5.
372 1779 473 1811 fuisse
500 1778 692 1818 confictum,
716 1788 755 1810 ut
778 1777 857 1810 alias
883 1779 1041 1822 quasdam
1067 1779 1221 1812 collatio-

86 1842 137 1874 nis
163 1841 312 1886 ejusdem
338 1851 459 1886 partes,
484 1840 664 1872 arbitratur
687 1840 882 1879 Halloxius,
907 1840 958 1872 his
981 1840 1146 1885 impulsus
1171 1856 1221 1874 ar—

87 1903 268 1945 gumentis:
295 1904 386 1948 quod
413 1903 446 1934 in
471 1902 641 1947 prioribus
657 1902 906 1935 Collationibus
923 1916 965 1935 ne
982 1904 1121 1935 verbum
1147 1903 1220 1947 qui-

87 1965 165 1997 dem
191 1966 232 1998 de
257 1964 404 2007 Origene
427 1965 555 1997 factum
580 1964 640 2005 sit3
674 1973 707 1996 et
736 1963 770 1996 in
804 1964 999 1999 Constituto
1025 1964 1221 2008 probaverit

87 2026 249 2068 Vigilius,
280 2027 451 2060 neminem
484 2040 553 2059 esse
585 2035 663 2070 post
693 2035 839 2058 mortem
873 2027 1110 2059 damnandum.
1169 2027 1217 2058 Ad

87 2088 180 2131 prius
203 2098 436 2130 argumentum
460 2088 683 2133 respondebit
708 2088 891 2127 Baronius,
922 2089 1043 2120 multas
1075 2090 1114 2119 ab
1141 2088 1218 2119 Ori-

70 2144 224 2190 'genistis
248 2151 366 2195 synodi
390 2150 487 2196 hujus
512 2150 692 2194 particulas
716 2150 816 2183 fuisse
841 2163 1049 2194 suppressas:
1077 2151 1216 2181 alu-rum

89 2224 169 2243 vero
195 2211 255 2243 hac
281 2212 476 2255 exeeptionu:
501 2213 710 2253 rotundetur,
737 2214 888 2245 docuisse
915 2211 1050 2255 quidem
1078 2211 1110 2242 iu
1129 2211 1216 2243 Con-
