1422 2472
384 130 696 164 Onmemmonum
722 130 836 163 Lmen
865 130 907 163 ΙΙ.
1167 129 1213 163 87

63 219 239 264 ipsumque
265 232 342 252 cum
367 219 519 259 asseclis,
558 229 590 253 et
622 219 787 262 dogmatis
825 220 1042 258 damnatum,
1077 227 1110 250 et
1134 231 1210 251 ana-

62 280 218 313 thematis
244 281 438 313 confossum
470 281 574 314 fuisse
607 294 675 314 non
699 294 878 326 persuasus
906 294 980 314 sum
1005 279 1124 319 modo,
1148 280 1208 312 sed

62 341 254 386 quicunque
280 342 379 374 etiam
405 343 503 375 aliter
535 343 692 383 senserit,
725 343 780 375 vel
805 356 923 387 parum
949 351 1125 381 attentum,
1151 341 1205 373 vel

60 415 129 435 non
154 403 230 435 satis
254 404 439 447 pudentem
466 417 535 436 esse
562 414 733 449 oportere.
783 404 942 443 Caussas,
980 417 1041 436 cur
1071 403 1105 435 id
1131 416 1204 435 cre-

62 464 220 507 diderim,
247 464 302 497 has
319 465 430 497 habui.
467 465 620 498 Primum
637 465 743 498 totius
763 465 814 497 rei
838 478 1015 505 summam,
1042 473 1076 497 et
1101 465 1203 497 verba

61 525 131 570 ipsa
158 526 384 559 Anathematis
409 527 449 558 ab
474 527 618 568 Evagrio
644 527 749 559 relata
775 540 845 559 esse
871 527 990 566 video,
1022 539 1123 570 quem
1147 535 1202 558 to-

62 596 133 619 tum
158 587 406 620 Graeculorum
441 601 559 630 agmen
582 589 751 633 sequitur,
783 599 902 621 auctor
933 587 1096 622 Chronici
1120 588 1201 620 Ale-

60 648 230 688 xandrini,
254 648 421 691 Georgius
445 650 641 696 Syncellus,
667 649 910 695 Theophanes,
935 649 1077 683 Photius
1100 649 1134 681 in
1160 648 1201 681 li-

59 710 152 742 bello
177 710 218 742 de
242 709 394 754 synodis,
419 710 516 743 Nilus
540 711 706 751 Rhodius,
732 721 765 744 et
787 711 946 758 anonymi
963 712 1043 752 duo,
1071 710 1129 756 qui
1155 711 1196 743 de

58 771 193 818 synodis
226 784 362 816 quoque
394 771 617 816 scripserunt,
655 786 808 818 quosque
842 773 876 806 in
912 772 1075 807 Canonici
1106 771 1198 805 Juris

58 833 186 877 antiqui
211 833 461 866 Bibliothecam
487 834 634 867 contulit
656 834 824 868 Henricus
860 835 1026 868 Justellus
1059 833 1108 866 vir
1133 834 1199 867 cla-

57 894 225 936 rissimus3
251 895 410 935 Zonaras,
435 895 568 942 Glycas,
592 896 736 929 maxime
761 910 842 929 vero
871 897 1056 936 Cedrenus,
1081 895 1139 941 qui
1165 904 1198 928 et

55 955 234 989 Justiniaui
257 955 438 1001 epistolam
462 957 503 990 ad
533 959 701 1004 synodum
725 969 964 1003 repraesentat,
987 959 1022 991 in
1051 970 1116 1003 qua
1138 957 1198 989 fla-

57 1017 137 1060 gitat
164 1031 182 1050 a
204 1017 377 1058 Patribus,
401 1028 440 1051 ut
465 1019 667 1061 Origenem,
693 1020 918 1066 Origenisque
950 1021 1098 1063 gregales
1137 1019 1196 1051 da-

58 1089 193 1121 mnent3
216 1088 250 1111 et
272 1079 504 1123 Nicephorus,
537 1081 596 1125 qui
624 1082 926 1115 Anathematismos
951 1083 985 1114 in
1010 1081 1194 1123 Origenem

58 1154 75 1172 a
98 1141 229 1186 synodo
264 1140 410 1173 vibratos
442 1142 626 1181 αὐτολὲξεί
654 1143 783 1176 recitat.
840 1144 987 1190 Cyrillus
1019 1151 1194 1186 praeterea

59 1202 241 1234 monachus
264 1215 363 1246 saepe
389 1202 453 1248 jam
478 1216 495 1236 a
519 1204 616 1236 nobis
649 1204 786 1244 citatus,
824 1205 882 1250 qui
905 1202 1086 1237 Justiniani
1110 1215 1194 1235 aevo

60 1263 185 1306 floruit,
212 1272 246 1296 et
268 1277 321 1296 res
344 1264 378 1296 in
403 1266 538 1309 synodo
565 1275 671 1307 gestas
695 1266 850 1308 ignorare
873 1279 944 1298 non
965 1264 1092 1310 potuit,
1117 1263 1195 1297 Ori-

57 1338 174 1368 genem
199 1325 233 1357 in
265 1337 302 1358 ea
335 1326 530 1358 damnatum
565 1327 667 1360 fuisse
700 1328 824 1361 diserte
849 1329 952 1360 docet
975 1327 1009 1359 in
1035 1326 1101 1358 vita
1125 1325 1195 1357 Eu-

58 1387 187 1433 thymii,
212 1399 283 1431 cap.
311 1386 387 1421 105.
437 1387 545 1420 »Cum
569 1390 794 1432 praecedente
819 1399 931 1422 autem
948 1399 1116 1433 tempore,
1141 1387 1193 1418 in-

57 1449 142 1494 quit,
165 1458 283 1493 postea
301 1457 499 1490 congregata
522 1449 639 1482 suisset
656 1450 956 1495 Constantinopoli
979 1449 1095 1495 quinta
1121 1461 1195 1480 san-

57 1520 108 1543 cta
132 1511 290 1557 synodus,
316 1519 348 1543 et
372 1510 529 1552 Origenis
562 1524 601 1543 ac
626 1512 775 1545 Nestorii
806 1513 963 1554 dogmata
987 1512 1128 1544 fuissent
1151 1510 1193 1541 ab

56 1585 93 1604 ea
117 1585 274 1617 percussa
297 1572 526 1612 anathemate,
551 1582 582 1605 et
608 1573 668 1618 qui
691 1575 822 1607 Novam
847 1576 989 1607 Lauram
1016 1579 1194 1606 tenuerant

57 1633 267 1676 Origenistae
299 1634 395 1666 illinc
429 1644 538 1666 essent
562 1636 708 1679 expulsi3
739 1646 771 1668 et
795 1637 913 1669 fideles
939 1645 973 1668 et
997 1632 1192 1669 Orthodoxi

56 1695 171 1728 Patres
197 1709 310 1728 rursus
334 1696 368 1728 in
394 1709 466 1728 eam
491 1695 707 1738 migrassent,
736 1698 953 1742 permittente
978 1696 1061 1729 mihi
1085 1694 1193 1728 admi-

57 1757 153 1790 rabili
176 1756 308 1790 Joanne
334 1757 542 1798 Silentiario,
568 1772 620 1798 eo,
644 1759 799 1804 inquam,
824 1760 881 1804 qui
906 1769 976 1793 erat
1001 1758 1193 1803 episcopus,

59 1820 197 1853 discedo
222 1832 240 1851 a
266 1820 449 1859 coenobio,
476 1830 509 1852 et
534 1820 606 1865 ipse
631 1834 767 1865 quoque
793 1835 908 1854 versor
931 1821 964 1853 in
979 1820 1039 1852 hac
1050 1820 1190 1851 Laura«

56 1882 101 1914 Et
122 1881 246 1914 iterum
271 1881 305 1913 in
331 1883 398 1915 vita
421 1882 541 1922 Sabae,
563 1895 635 1927 cap.
661 1883 721 1916 ult.
774 1883 883 1915 »Post
905 1883 988 1914 haec
1020 1894 1096 1913 cum
1120 1891 1194 1911 san-

59 1953 109 1976 cta
135 1953 167 1976 et
193 1943 411 1976 oecumenica
437 1944 552 1988 quinta
585 1946 731 1991 synodus
764 1954 960 1987 congregata
985 1943 1103 1975 suisset
1126 1940 1193 1985 By-

60 2005 169 2044 zantii,
194 2006 397 2038 Theodorus
422 2006 670 2050 Mopsuestiae,
695 2017 725 2038 et
754 2007 937 2048 Origenes,
971 2015 1002 2037 et
1024 2017 1090 2036 una
1115 2016 1193 2035 cum

59 2067 108 2099 his
134 2066 236 2111 impia
261 2068 302 2100 de
327 2068 585 2112 praeexistentia
618 2078 651 2100 et
680 2070 925 2101 resurrectione
957 2069 1112 2108 dogmata
1138 2077 1192 2105 ge-

59 2128 165 2160 nerali
188 2129 325 2162 fuerunt
348 2129 497 2174 subjecta
523 2130 744 2170 anathemati,
771 2140 802 2162 et
828 2132 875 2162 sic
898 2128 1074 2162 haereticis
1099 2125 1193 2157 dein-

60 2203 139 2233 ceps
165 2190 256 2221 omni
283 2191 391 2222 ablata
416 2191 571 2223 libertate
599 2192 772 2236 loquendi,
798 2192 902 2224 divini
923 2193 1029 2225 Sabae
1055 2190 1194 2223 Laurae,

60 2261 93 2283 et
118 2251 270 2283 universa
296 2251 365 2283 fere
391 2265 466 2284 rum
491 2253 531 2284 iis
556 2253 758 2292 Palaestina,
791 2253 952 2285 vicesimo
977 2250 1079 2281 tertio
1104 2259 1192 2278 anno

61 2322 138 2358 pust
178 2312 267 2344 illius
305 2322 449 2344 mortem
488 2326 504 2345 a
536 2315 690 2355 gravibus
721 2315 928 2354 haeresibus,
969 2322 998 2344 et
1030 2309 1194 2354 temporis
