1413 2482
149 80 217 116 180
481 78 593 112 Plu-m
625 77 799 111 Dauums
823 78 953 113 Humn

154 169 318 216 subjectas
344 168 467 201 deinde
491 180 547 200 sex
572 167 870 212 interpretationes
896 180 934 200 ex
952 167 995 201 iis
1010 168 1185 202 manifeste
1211 182 1290 202 con·

156 232 320 270 cluditur,
346 243 429 275 quae
463 230 619 272 leguntur
650 230 740 275 apud
772 230 1020 276 Hieronymum
1052 230 1086 263 in
1122 231 1218 276 epist.
1249 233 1290 264 ad

157 294 225 328 Tit.
247 293 285 332 3,
310 292 341 326 9.
378 291 504 324 »Unde
529 301 562 324 et
586 291 685 329 nobis
711 304 809 324 curae
835 292 899 324 fuit
925 304 1041 324 omnes
1067 292 1186 326 veteris
1211 293 1292 335 legis

159 355 275 394 libros,
301 366 385 398 quos
411 352 463 385 vir
488 353 608 386 doctus
634 352 852 385 Adamantius
877 353 911 385 in
928 353 1098 397 Hexapla«
1126 353 1187 398 (ita
1209 354 1293 397 lege,

156 429 242 450 non:
282 415 503 459 »exempla,«
536 423 574 447 ut
605 414 732 459 vulgo)
760 415 985 457 »digesserat‚
1022 415 1064 447 de
1090 414 1295 449 Caesariensi

156 478 366 511 bibliotheca
398 476 588 521 descriptos
622 488 660 508 ex
692 475 773 520 ipsis
798 476 999 509 authenticis
1031 477 1230 518 emendare,
1260 477 1296 510 in

158 540 280 586 quibus
304 548 337 572 et
362 538 434 583 ipsa
459 538 614 571 Hebraea
637 537 786 582 propriis
817 547 894 570 sunt
925 539 1172 573 characteribus
1197 539 1299 572 verba

159 601 340 647 descripta,
365 609 399 633 et
412 600 551 634 Graecis
569 599 674 633 literis
692 599 826 632 tramite
853 613 1005 645 expressa
1023 601 1150 634 vicino:
1175 599 1298 646 Aquila

161 664 274 703 etiam,
299 672 332 696 et
357 661 589 708 Symmachus,
613 661 719 695 LXX.
746 674 895 707 quoque,
920 671 953 694 et
977 662 1174 696 Theodotio
1200 675 1298 695 suum

159 725 315 759 ordinem
340 733 466 757 tenent.
478 737 494 752 u
546 723 730 757 Columnas
756 716 878 757 'omnes
903 736 967 769 pro
993 723 1075 757 situs
1100 724 1152 757 sui
1177 723 1297 757 ordine

157 787 337 821 recensuit.
384 785 544 831 Apertius
577 784 678 818 etiam
710 785 851 818 Rufinus
884 785 960 819 libr.
983 786 1042 819 VI.
1090 785 1298 818 Eusebianae

158 849 275 882 histor.
302 861 372 893 cap.
393 846 445 881 16.
474 847 759 880 »Famosissimos
783 847 862 879 illos
881 837 1026 881 Codices
1050 847 1180 892 primus
1205 861 1298 880 com—

158 910 275 956 posuit
299 909 482 952 Origenes,
507 907 542 940 in
567 908 687 953 quibus
712 922 774 953 per
797 908 940 951 singulas
967 909 1178 942 columnulas
1204 922 1221 942 e
1246 922 1298 942 re-

158 972 258 1015 gione
282 970 464 1016 separatim
488 982 574 1014 opus
605 969 798 1015 interpretis
822 971 1085 1015 uniuscujusque
1110 970 1299 1016 descripsit,

159 1033 206 1066 ita
228 1042 268 1066 ut
292 1031 404 1077 primo
431 1030 583 1064 omnium
608 1030 679 1076 ipsa
693 1032 848 1065 Hebraea
874 1032 975 1064 verba
993 1032 1167 1065 Hebraicis
1191 1032 1298 1065 literis

160 1103 324 1139 poneret;
355 1093 505 1126 secundo
538 1092 572 1124 in
604 1092 683 1125 loco
719 1106 780 1139 pe:-
805 1093 961 1126 ordinem
987 1093 1123 1127 Graecis
1150 1093 1256 1127 literis
1281 1106 1298 1126 e

158 1155 297 1198 regione
323 1155 478 1188 Hebraea
503 1154 604 1187 verba
638 1155 862 1198 describeret3
892 1155 1028 1188 tertiam
1054 1155 1196 1201 Aquilae
1228 1155 1299 1188 edi·

160 1217 291 1251 tionem
315 1216 530 1263 adjungeret3
555 1225 708 1261 quartam
734 1217 947 1263 Symmachi3
980 1217 1129 1262 quintam
1155 1218 1298 1263 Septua-

159 1279 250 1322 ginta
273 1279 517 1324 interpretum,
549 1291 634 1323 quae
658 1288 772 1312 nostra
797 1289 864 1321 est3
898 1288 1024 1312 sextam
1049 1279 1078 1312 T
1082 1278 1299 1312 heodotionis

160 1342 360 1381 collocaret,
385 1349 419 1373 et
442 1349 586 1385 propter
605 1339 772 1385 ejusmodi
787 1340 1076 1385 compositionem
1094 1341 1298 1385 exemplaria

160 1402 232 1448 ipsa
256 1401 446 1434 nominavit
465 1400 637 1441 Ἑξαπλᾶ.
685 1401 734 1434 Ex
759 1402 809 1435 his
842 1402 942 1435 etiam
974 1402 1101 1446 liquet,
1130 1403 1297 1447 praefixos

162 1463 301 1497 Graecis
326 1462 532 1496 editionibus
557 1463 658 1505 fuisse
685 1464 870 1497 Hebraicos
904 1473 1096 1504 contextus,
1127 1477 1196 1497 non
1220 1464 1299 1497 sub-

159 1539 283 1567 nexos3
307 1538 370 1558 nec
394 1524 579 1570 praefixum
607 1525 772 1566 alterum,
796 1527 940 1559 alterum
964 1525 1161 1567 subnexum,
1185 1535 1224 1558 ut
1247 1524 1298 1557 in-

161 1587 274 1620 dicare
299 1587 457 1620 videntur
480 1586 559 1619 illae
584 1586 773 1631 Epiphanii
791 1601 909 1621 voces:
934 1588 973 1622 ἐκ
998 1585 1231 1632 παραλλήλου
1257 1588 1296 1621 δὲ

160 1644 339 1694 ἄντικρυς.
386 1647 510 1693 Liquet
542 1649 608 1681 hoc
639 1662 776 1694 quoque
814 1663 852 1683 ex
888 1649 939 1683 his
970 1648 1120 1696 ejusdem
1158 1661 1175 1681 e
1206 1648 1295 1682 libro

159 1710 203 1743 de
227 1711 371 1755 ponder.
396 1723 467 1755 cap.
487 1710 540 1745 19.
568 1711 672 1751 Τινὲς
695 1715 831 1756 τοίνυν,
858 1709 904 1750 ὠς
927 1711 1034 1757 ἔφην,
1059 1709 1204 1749 ταύταις
1219 1715 1297 1750 ταῖς

158 1773 296 1816 βίβλοις
319 1770 612 1816 ἐντυγχάνοντες,
639 1775 699 1807 καὶ
726 1772 952 1818 εὑρίσκοντες
976 1771 1037 1811 τᾶς
1060 1771 1126 1807 δύο
1148 1771 1295 1817 Ἑβραϊ-

159 1831 226 1872 κάς
248 1830 393 1876 πρώτας
421 1836 607 1876 κειμένας,
639 1833 731 1877 μετὰ
757 1833 886 1873 ταύτας
916 1835 954 1869 δὲ
986 1833 1052 1877 τήν
1075 1836 1139 1869 τοῦ
1165 1832 1294 1868 ’Λκύλα

158 1897 402 1939 τεταγμένην,
436 1904 499 1927 etc.
546 1895 597 1927 Ne
630 1894 704 1939 quis
740 1908 819 1927 vero
855 1908 972 1928 vocem
1007 1897 1118 1930 σελίδι
1156 1909 1219 1940 pro
1253 1909 1294 1928 co

158 1964 353 2001 usurpatam
387 1965 504 1999 putet,
542 1956 634 2000 quod
665 1968 727 1988 nos
762 1956 915 2000 paginam
951 1957 1179 2002 appellamus;
1218 1971 1295 1990 nam

160 2020 255 2057 σελίς
280 2016 472 2050 columnam
498 2029 635 2061 quoque
665 2017 846 2060 significat,
880 2018 965 2050 adeo
996 2027 1034 2051 ut
1058 2019 1174 2063 plures
1199 2020 1295 2052 colu-

159 2092 253 2113 mnas
277 2091 343 2111 una
365 2078 486 2124 pagina
514 2078 712 2112 contineret.
748 2079 857 2112 Porro
877 2079 1030 2113 ordinem
1055 2080 1167 2122 istum,
1192 2094 1293 2127 quem

159 2141 353 2181 statuimus,
378 2140 569 2173 luculenter
593 2141 733 2173 adstruit
759 2142 1000 2174 vetustissimus
1026 2142 1142 2176 Codex
1165 2143 1293 2177 Barbe-

157 2203 249 2236 rinus
274 2202 455 2235 duodecim
481 2202 743 2246 prophetarum,
770 2202 827 2247 qui
852 2204 893 2235 ad
919 2203 1028 2236 Oseae
1054 2204 1106 2244 11,
1134 2206 1161 2239 1.
1188 2205 1290 2237 breve

156 2265 387 2311 Hexaplorum
417 2263 586 2309 specimen
625 2264 667 2296 ad
705 2277 799 2296 oram
836 2274 998 2298 attextum
1034 2265 1153 2306 habet,
1188 2275 1221 2299 et
1257 2266 1288 2298 in
