1413 2482
207 75 273 112 368
535 74 570 107 S.
604 73 779 107 Psmpnm
809 74 997 108 Mtte-rimis

207 166 298 200 danti
323 166 364 198 de
389 176 429 196 eo
455 164 649 209 requiritur.
665 164 695 208 ¹)
742 164 810 197 Sed
842 172 874 197 et
899 164 1158 198 circumcisionis
1182 165 1251 209 ejus
1277 177 1326 197 rn-

206 229 254 261 tio
279 227 375 260 nobis
399 225 536 271 quidem
560 225 675 270 nou²)
707 227 877 267 generabit
908 226 1109 268 angustiam,
1142 226 1327 259 dicentibus

206 303 281 322 eum
307 297 550 332 consequenter
573 287 718 320 humano
751 301 894 333 corpore
926 298 958 321 et
990 288 1220 321 circumcisum
1246 302 1327 328 esse,

206 361 239 384 et
263 349 475 396 praeputium
501 349 572 394 ejus
603 359 709 382 terrae
741 351 950 389 mandatum,
981 350 1127 383 fortassis
1157 363 1262 394 usque
1286 351 1326 382 ad

204 424 354 458 tempus:
379 421 435 444 aut
458 411 485 444 si
510 411 607 444 aliter
627 421 684 451 est,
710 412 741 444 in
759 412 822 444 alia
841 412 1065 456 disputatione
1083 412 1328 457 requiretur.³)

203 476 296 508 Haec
319 485 430 508 tamen
456 473 524 518 ejus
557 473 765 506 circumcisio
796 474 872 506 satis
904 474 1131 517 coangustabit
1164 487 1240 513 eos,
1270 474 1328 519 qui

205 551 243 570 ex
269 537 402 569 diverso
426 545 512 568 sunt.
560 535 744 580 Spirituale
770 535 857 568 enim
884 549 1005 581 corpus
1030 537 1204 581 quomodo
1230 545 1327 581 pote-

204 608 253 631 rat
278 597 472 631 circumcidi
499 598 588 629 ferro
613 597 773 630 terreno?
807 598 954 642 Propter
977 598 1068 643 quod
1092 611 1159 631 non
1185 599 1328 631 erubue-

204 670 282 692 runt
312 660 446 705 quidam
472 672 509 692 ex
540 659 638 703 ipsis,
676 660 717 691 de
749 659 925 704 praeputio
962 659 1225 692 circumcisionis
1257 659 1327 703 ejus

202 722 302 754 etiam
335 722 438 753 libros
473 722 589 761 edere,
629 721 747 766 quibus
776 722 953 754 ostendere
985 731 1201 762 conarentur,
1234 722 1326 766 quod

203 785 237 816 in
268 783 484 816 substantiam
524 783 657 815 cesserit
693 771 911 827 spiritualem.
974 784 1050 816 Non
1082 783 1190 816 minus
1214 792 1326 816 autem

201 846 508 889 angustabuntur⁴)
545 845 643 877 ctiam
677 845 743 884 illi,
784 846 839 890 qui
879 845 1019 878 animale
1058 858 1179 889 corpus
1212 845 1327 878 dicunt

202 921 272 941 esse
297 921 418 952 corpus
444 907 576 941 Christi.
625 908 692 940 Sed
728 917 760 939 ct
785 908 825 939 dc
850 907 1007 949 sanguine
1023 908 1054 950 ⁵)
1081 908 1149 952 ejus
1175 917 1208 940 ct
1230 921 1326 953 aqua,

203 984 286 1015 quae
311 969 475 1015 processit
506 969 547 1000 de
584 969 686 1001 latere
719 969 788 1014 ejus
814 969 902 1001 hasta
927 978 1131 1013 compuncto
1164 982 1180 1001 a
1206 970 1325 1009 milite,

202 1033 320 1065 eadem
344 1031 518 1064 sentienda
540 1040 627 1067 suut,
664 1031 731 1063 Sed
746 1030 806 1069 his,
831 1029 888 1074 qui
905 1031 1013 1062 sciunt
1038 1031 1118 1075 quid
1143 1031 1324 1075 audiantfi)

201 1106 263 1138 per
286 1093 371 1132 hoc,
396 1093 487 1137 quod
513 1092 654 1131 dicitur,
680 1092 756 1137 quia
770 1093 801 1135 7)
827 1092 949 1124 fixurae
975 1092 1147 1125 clavorum
1172 1103 1266 1126 erant
1290 1094 1325 1126 in

200 1155 271 1201 ejus
296 1167 450 1200 corpore,
474 1154 649 1187 manifeste
675 1154 871 1194 declaratur,
898 1154 972 1199 quin
987 1167 1064 1186 caro
1088 1165 1159 1188 erat
1182 1164 1325 1196 terrena,

200 1218 235 1250 id
260 1227 319 1257 est,
344 1217 504 1249 humanae
529 1226 682 1248 naturae:
715 1229 798 1261 quae
831 1216 947 1260 utique
977 1229 1045 1248 non
1072 1226 1141 1249 erat
1164 1216 1256 1256 talis,
1288 1227 1325 1250 ut

198 1279 473 1324 recipiendorum
488 1279 662 1311 vulnerum
678 1280 921 1319 subterfugeret
934 1277 1136 1323 qualitatem.
1150 1278 1183 1322 8)
1220 1278 1325 1322 Quod

199 1342 225 1374 si
249 1355 317 1374 nou
350 1340 449 1373 eti-'im
481 1342 585 1374 multa
617 1342 779 1374 humanae
811 1339 1011 1373 infirmitatis
1042 1340 1076 1372 in
1109 1340 1179 1385 ipsa
1214 1351 1322 1373 morte

294 1473 325 1517 ¹)
352 1472 403 1506 ΑΙ.
430 1463 699 1516 „requiruntur.‘⁸
724 1470 763 1503 R.
790 1489 829 1494 ——
856 1469 923 1502 Csr.
950 1481 1022 1513 pag.
1048 1468 1124 1503 347.
1149 1478 1218 1502 not.
1243 1468 1278 1504 8.

289 1530 324 1569 ²)
349 1528 442 1560 Editi
473 1528 519 1571 (v.
553 1540 581 1560 c.
614 1527 688 1558 edd.
722 1527 786 1571 M.)
825 1539 915 1566 „non
954 1525 1125 1567 generabit
1160 1525 1321 1570 majorem

197 1574 415 1616 angustiarn,“
462 1573 529 1606 Sed
559 1572 769 1617 „majorem”
805 1572 972 1604 omittitur
1003 1571 1036 1603 in
1061 1571 1217 1604 omnibus
1243 1571 1322 1605 Mss.

194 1619 325 1652 nostris.
351 1619 390 1651 R.

289 1676 323 1718 ³)
349 1675 475 1708 Omnes
501 1675 578 1707 Mss.
604 1673 892 1718 ,‚requi1·eretur;“
916 1672 1038 1705 rectius
1063 1684 1140 1704 vero
1166 1671 1247 1704 editi
1273 1672 1319 1716 (v.

197 1734 225 1753 c.
251 1721 327 1754 cdd.
353 1721 419 1763 M.)
443 1720 688 1765 ‚‚requiretur.··
714 1720 752 1752 R.

290 1776 321 1820 ⁴)
347 1777 432 1809 Edd.
459 1777 506 1809 M.
531 1775 861 1817 „angustiabuntur.“

288 1833 320 1876 ⁵)
346 1832 403 1863 Ev.
428 1832 550 1863 Joann.
574 1832 670 1870 XIX,
692 1831 747 1865 34.

289 1889 322 1932 ⁶)
347 1888 435 1920 Edd.
461 1888 509 1921 Μ.
533 1887 743 1927 ,,.”ιι1(1ῐῆῐι11·,“

287 1944 320 1987 ⁷)
349 1945 426 1976 Mss.
452 1943 574 1975 nostri:
605 1943 703 1987 „quia
728 1943 872 1984 {igurae“
904 1952 986 1981 etc.‚
1014 1942 1072 1974 sed
1103 1941 1225 1974 rectius
1260 1940 1316 1973 ha-

195 1991 275 2022 bere
301 1989 456 2022 videntur
480 1988 561 2020 editi
588 1991 634 2030 (v.
660 2001 686 2020 c.
713 1989 788 2020 edd.
817 1988 881 2032 M.)
907 1988 1006 2032 „qui-'i
1031 1987 1176 2020 fixurae‘*
1199 1995 1261 2018 etc.
1277 1987 1317 2019 R.

194 2059 238 2066 ..-
264 2035 333 2068 Cfr.
359 2048 407 2068 ev.
432 2035 551 2066 Joanu.
578 2034 656 2072 XX,
680 2034 733 2068 25.
760 2047 849 2077 seqq.

286 2092 320 2133 8)
345 2090 437 2123 Editi
461 2092 507 2130 (ν.
530 2103 555 2122 c.
575 2090 650 2122 edd.
667 2089 731 2129 Μ.)
757 2089 994 2133 ,,(]ι1ε1Ιὶῑ;116111;
1019 2089 1111 2133 quasi
1127 2101 1195 2121 non
1214 2087 1315 2121 etiam

195 2157 235 2162 —
260 2137 429 2169 sensisset:
455 2135 562 2168 anima
585 2136 820 2179 perturbatur‘·
846 2144 908 2175 etc.
942 2135 1020 2167 Mss.
1051 2135 1183 2178 plures:
1213 2147 1317 2178 „qua-

195 2183 332 2214 litatem.
381 2181 490 2225 Quid,
524 2180 550 2212 si
575 2193 641 2212 nou
667 2179 764 2212 etiam
791 2199 832 2204 —-
858 2179 1027 2218 sensisset,
1053 2179 1161 2212 anima
1186 2189 1317 2223 pertur-

195 2228 313 2259 batur‘*
347 2237 427 2266 etc.,
460 2227 552 2271 quod
584 2238 651 2258 uon
684 2226 780 2258 male.
829 2226 896 2258 Sed
930 2224 1038 2258 Codd.
1072 2224 1248 2257 sorbonic.
1282 2233 1314 2255 et

196 2272 322 2305 Montis
347 2272 380 2305 S.
408 2271 579 2305 Michaelis
605 2280 640 2302 ut
666 2271 697 2303 in
723 2280 822 2303 textu.
849 2271 887 2303 R.
