1422 2472
379 82 403 112 A
411 89 565 112 pomona
598 87 667 111 PRO
699 79 863 112 Ostiense
1120 80 1184 115 303

62 181 194 213 quoque
220 169 283 214 ipsi
309 169 342 201 in
369 169 510 201 dubium
535 168 703 208 veneritis,
726 181 768 201 ne
792 169 878 201 forte
900 168 951 200 ve!
968 168 1187 209 multitudini,

62 230 114 262 vel
146 230 335 263 auctoritati
374 229 652 262 calumniatorum
693 229 774 262 fides
806 231 926 262 debeat
961 229 1111 263 adhiberi
1145 231 1187 263 de

60 291 121 331 his,
147 305 230 336 quae
254 292 376 337 passim
395 293 425 336 ¹)
449 292 518 324 sine
541 291 614 323 ullo
640 301 793 336 respectu
820 292 1054 325 diffamantur:
1079 292 1186 326 visum

59 353 157 385 nobis
185 363 243 393 cst,
270 354 381 398 primo
408 353 543 398 quidem
577 364 690 384 curare
722 352 993 397 suspicionem2)
1026 363 1186 397 vestram;

60 414 159 447 simul
186 415 285 447 etiam
308 428 370 459 per
394 414 605 446 occasionem
633 413 742 453 vestri,
768 414 929 453 omnium,
955 414 1012 459 qui
1030 414 1060 446 ei
1076 416 1188 448 obtre-

61 485 159 516 ctant,
186 477 359 509 confutare
385 475 576 509 calumnias.
625 475 729 519 Quod
759 475 804 508 ita
834 476 930 508 nobis
955 476 1114 521 prosequi
1137 489 1189 509 re-

51 538 146 570 .ctius
171 538 277 570 visum
302 548 367 577 est,
403 547 441 569 ut
456 538 489 582 3)
522 550 589 569 nun
615 538 737 569 nostris
761 537 871 570 verbis
895 546 927 569 et
951 537 1188 570 assertionibus

60 599 294 632 defensionem
319 612 484 644 paremus,
508 599 564 631 sed
590 611 628 630 ex
642 597 675 642 4)
699 597 765 630 suis
785 598 932 643 propriis
946 599 1093 639 vocibus,
1117 599 1190 644 qui-

60 661 122 693 bus
146 660 217 705 ipse
241 661 349 693 aliena
373 660 436 693 sibi
453 661 484 705 ⁵)
510 661 590 692 haec
618 672 699 700 esse,
725 672 809 704 quae
833 659 888 691 isti
913 660 1086 705 objiciunt,
1109 673 1189 704 pro-

60 722 136 766 prio
160 735 315 755 sermone
340 731 488 761 testatur,
513 722 547 754 id
569 731 628 761 est,
653 733 752 752 omne
766 721 923 765 quicquid
942 731 1076 766 praeter
1086 722 1188 754 {idern

62 784 270 816 Catholicam
296 784 525 828 praedicatur:
557 782 634 827 quia
662 781 689 814 si
720 782 843 815 nostris
867 783 976 815 verbis
1000 783 1081 816 haec
1104 796 1189 816 asse-

61 857 135 877 rere
161 845 324 884 velinum,
359 845 581 890 suspiciosum
614 843 720 876 videri
751 844 838 876 forte
869 845 992 889 possit,
1021 859 1062 877 eo
1096 846 1188 890 quod

62 918 122 938 nos
147 919 263 939 amore
288 906 423 952 ejus,⁶)
457 907 484 939 si
515 906 595 950 quid
630 906 701 950 ipse
725 918 826 950 prave
849 906 1006 947 senserit,
1031 907 1190 940 celaveri-

60 980 144 1001 mus.
191 968 259 1001 Ubi
282 978 392 1000 autem
418 967 489 1012 ejus
513 968 630 1012 ipsius,
666 968 723 1012 qui
747 977 938 1008 accusatur,
964 968 1101 1001 vocibus
1124 969 1189 1002 uti—

60 1030 192 1073 mur,⁷)
218 1039 250 1062 et
273 1030 314 1062 ad
341 1042 456 1061 omnes
481 1029 689 1074 objectiones
720 1038 950 1061 accusatorum
981 1030 1048 1063 suis
1081 1031 1190 1064 verbis

62 1104 149 1130 eum,
173 1103 241 1122 non
265 1100 376 1123 nostra
401 1091 592 1130 assertione,
618 1090 841 1129 defendimus,
871 1103 953 1134 quae
977 1091 1063 1123 ultra
1087 1092 1189 1125 relin-

61 1152 118 1196 qui
142 1161 255 1196 potest
279 1151 566 1195 criminationisss)
591 1151 735 1191 occasio,
758 1152 875 1184 saltem
897 1151 947 1183 bis
971 1151 1106 1196 ipsis,⁹)
1130 1155 1189 1199 qui

62 1226 129 1245 non
155 1212 224 1244 veri
248 1213 371 1252 studio,
396 1214 454 1246 sed
479 1213 571 1244 velut
594 1213 734 1246 libidine
758 1214 900 1258 quadam
919 1214 1077 1257 culpandi
1100 1228 1187 1248 sem-

61 1287 123 1318 per
146 1274 332 1316 agitantur?
367 1274 411 1306 Et
443 1274 601 1318 quoniam
635 1276 675 1306 de
708 1288 748 1306 eo
780 1288 867 1307 nunc
894 1288 1005 1307 sermo
1037 1286 1100 1316 est,
1132 1279 1188 1322 qui

62 1335 179 1380 utique
204 1336 292 1380 apud
318 1336 470 1369 homines
495 1337 671 1368 defunctus
697 1346 756 1375 est,
785 1337 866 1380 quid
891 1338 979 1381 apud
997 1338 1048 1381 ¹⁰)
1075 1351 1189 1372 omnes

63 1437 99 1463 ut
131 1431 342 1464 multitudini
373 1451 415 1455 -—
447 1432 579 1464 deberet
610 1431 774 1463 adhiberi.
822 1430 930 1463 Ceteri
964 1433 1042 1464 Mss.
1074 1440 1111 1466 ut
1137 1447 1190 1467 cos

64 1487 192 1519 quoque
215 1477 282 1519 ‘ipsi
306 1478 343 1509 in
368 1477 505 1509 dubium
527 1478 700 1517 veniretis,
726 1488 767 1508 ne
789 1478 878 1518 sorte
895 1484 955 1510 auc
977 1479 1189 1513 multitudini

63 1540 105 1544 —
131 1522 262 1553 deberet
287 1522 452 1554 adhiberi.
479 1522 517 1553 R.

161 1577 190 1620 ¹)
216 1576 306 1608 Editi
332 1577 377 1620 (e.
405 1590 428 1608 c.
458 1577 532 1609 edd.
558 1577 624 1619 M.)
655 1579 784 1621 passim
808 1584 838 1610 et
864 1580 936 1610 sine
958 1587 1121 1623 respectu.
1148 1580 1188 1614 R.

157 1634 191 1676 ²)
215 1632 301 1665 Edd.
334 1633 381 1665 M.
413 1635 634 1677 suspicionem
666 1640 836 1674 nostram,
867 1635 969 1666 sinml
999 1637 1100 1669 etiam.
1127 1649 1189 1680 per

65 1680 270 1712 occasionem
293 1680 402 1711 nostri
426 1687 487 1710 etc.

155 1734 188 1778 ³)
215 1733 323 1767 Codd.
348 1733 554 1766 sorbonicus
588 1744 619 1766 et
651 1735 684 1769 S.
708 1733 897 1766 Michaelis:
932 1742 968 1768 ut
992 1749 1058 1771 mm
1081 1740 1190 1771 nostri,

66 1779 125 1824 (al.
148 1780 269 1823 vestri)
293 1779 387 1812 verbi
409 1781 653 1813 assertionibus
678 1789 739 1811 etc.
767 1780 804 1811 R.

156 1836 190 1880 ⁴²)
214 1835 299 1867 Edd.
325 1835 371 1867 M.
397 1848 439 1868 ex
462 1837 557 1869 illius
578 1837 730 1880 propriis
755 1844 817 1869 etc.

156 1891 188 1934 ⁵)
213 1890 319 1922 Deest
341 1891 407 1923 sibi
430 1890 463 1922 in
490 1892 564 1924 edd.
591 1893 638 1924 Μ.

158 1946 192 1990 ⁶)
216 1946 321 1979 Deest
346 1947 378 1978 in
404 1947 501 1979 editis
526 1949 571 1991 (v.
598 1961 624 1981 c.
651 1948 725 1980 edd.
752 1948 816 1991 M.)
842 1951 924 1990 ejus.
951 1949 990 1981 R.

153 2002 186 2044 ⁷)
209 2002 315 2034 Deest
336 2002 369 2035 in
395 2002 492 2035 editis
515 2004 561 2046 (v.
586 2017 613 2036 c.
639 2005 713 2036 edd.
740 2004 805 2048 Μ.)
830 2006 967 2037 utinmr.
994 2005 1031 2037 Ρι.

88 2103 118 2136 ὦ
156 2058 264 2134 ⁸)tha
297 2058 374 2090 Mss.
421 2057 513 2090 Editi
547 2072 624 2091 vero
661 2060 706 2103 (e.
734 2073 760 2093 c.
786 2061 860 2093 edd.
888 2061 952 2104 M.)
982 2061 1185 2094 criminato-

67 2115 85 2135 r
122 2115 171 2136 us.
229 2129 237 2136 .

157 2157 190 2201 ⁹)
216 2158 318 2190 Deest
340 2161 426 2203 ipsis
452 2158 486 2191 in
511 2160 585 2192 edd.
610 2160 657 2195 Μ.

139 2213 191 2254 ¹⁰)
214 2212 272 2245 Sic
301 2224 390 2247 recte
420 2215 496 2248 Mss.
544 2215 635 2248 Edit?
663 2229 739 2248 vcro
773 2217 816 2257 (ις.
845 2231 869 2249 c.
897 2217 972 2252 edd.
1001 2216 1063 2262 Μ.)
1095 2219 1187 2262 apud

65 2259 220 2292 [tornines.
246 2258 282 2289 R.
