1413 2482
189 95 257 130 254
523 94 637 127 PE‘rm
662 93 836 127 omnus
862 92 995 126 Hunni

188 185 323 218 thecae:
359 193 392 216 et
416 182 594 228 septimam
621 183 759 228 quidem
785 183 850 215 hoc
875 181 994 215 initio:
1037 181 1215 223 »Fr-atres,
1247 182 1333 216 dicit

187 247 310 292 aliquis
336 259 373 278 ex
392 244 500 285 vobis,
525 245 592 278 feci
616 254 754 290 peccata
779 245 887 277 multa
913 253 947 277 et
970 256 1108 286 magua:
1133 253 1168 277 et
1192 244 1267 290 quis
1292 257 1331 278 ex

189 309 285 341 vobis
311 316 378 347 est,
403 307 461 351 qui
486 320 554 340 nou
580 298 724 352 peccet?
770 306 825 339 Tu
850 306 923 339 dic:
956 306 1065 339 erravi
1087 319 1192 352 super
1214 320 1331 341 omnes

186 370 350 404 homines.
385 368 522 402 Sufficit
536 369 598 401 tibi
615 369 648 400 in
661 368 825 401 sacrificio
842 368 903 401 ista
922 367 1125 401 consessio.«
1169 368 1284 402 ›mDic
1299 369 1331 414 ¹)

186 442 222 465 tu
248 431 346 477 prior
369 430 563 475 iniquitates
587 438 679 469 tuas,
703 439 742 462 ut
765 430 1010 477 justificeris.««
1061 429 1262 472 »Cognosce
1285 439 1331 471 te,

186 493 345 540 quoniam
376 502 537 538 peccator
573 505 623 525 es:
666 492 751 525 habe
782 492 953 526 tristitiam
989 505 1068 525 cum
1104 491 1330 525 converteris:

187 565 259 589 esto
283 569 322 588 ac
352 557 379 588 si
404 556 600 599 desperatus
627 564 659 587 et
691 564 858 597 moestus;
890 555 948 588 sed
982 564 1015 587 et
1046 553 1201 588 lacrimas
1236 567 1330 587 com-

185 628 332 664 punctus
365 618 516 650 effunde.
564 616 739 662 Numquid
771 616 901 662 aliquid
932 616 1026 649 aliud
1059 615 1126 649 fuit
1157 616 1191 648 in
1222 628 1331 649 mere-

185 680 286 720 trice,
322 692 421 725 quam
449 678 663 712 lacrimarum
691 679 840 713 effusio?
885 679 930 712 Et
962 692 1000 712 ex
1032 678 1094 712 hac
1126 678 1329 724 profusione

184 742 315 775 invenit
338 741 563 787 praesidium,
597 750 631 774 et
654 751 792 786 accepta
816 741 941 774 fiducia
965 740 1103 774 accessit
1127 741 1169 773 ad
1195 740 1328 773 fontem

182 805 374 837 Dominum
398 805 527 837 Jesum.
563 804 633 838 Sed
658 804 831 836 veniamus
856 803 897 836 ad
925 815 1088 836 caussam.
1125 802 1222 846 Quid
1248 814 1327 845 ergo

182 866 443 908 Evangelista?«
497 884 513 898 ›-
527 865 636 909 ›1Et²)
670 866 748 898 inde
781 865 944 898 transiens
968 864 1137 897 Dominus
1161 865 1260 898 Jesus
1293 864 1328 897 in

181 938 294 973 partes
320 927 420 974 Tyri,
452 937 486 960 et
510 928 659 962 Sidonis.
706 928 752 961 Et
785 940 879 968 ecce,
911 926 1036 960 mulier
1067 927 1326 961 chananaea-<u

183 990 302 1025 »Mira
325 1002 397 1029 res,
433 1002 453 1022 o
478 990 738 1033 Evangelistah«
790 989 936 1034 Reliqua
967 999 1005 1022 ut
1036 989 1069 1021 in
1105 988 1199 1022 libris
1225 988 1326 1022 editis

182 1061 348 1096 concepta
372 1060 462 1084 sunt.

273 1113 379 1156 Quod
405 1114 446 1146 de
472 1113 626 1158 proxime
652 1113 955 1157 praecedentibus,
979 1112 1071 1145 idem
1095 1112 1259 1145 sentimus
1283 1112 1326 1145 de

182 1177 330 1215 Octava,
365 1188 450 1219 quae
485 1175 662 1208 rhetoricis
693 1176 875 1221 pigmentis
899 1188 1076 1220 perspersa
1102 1184 1160 1208 est.
1209 1175 1248 1207 ld
1274 1174 1325 1207 ol-

179 1239 262 1271 fecit
288 1238 466 1278 Merlinus,
492 1247 525 1271 et
550 1238 707 1280 origenis
733 1239 847 1271 stilum
874 1238 1072 1283 neutiquam
1097 1237 1225 1269 referre
1251 1249 1324 1269 eam

181 1302 354 1334 confessus
390 1309 456 1339 est,
491 1313 594 1345 seque
626 1301 691 1333 hoc
715 1313 784 1333 uno
816 1309 1013 1344 argumento
1047 1299 1175 1331 dudum
1203 1298 1323 1341 Orige-

180 1363 288 1396 nianis
324 1361 459 1406 scriptis
502 1361 701 1403 inseruisse,
741 1362 835 1408 quod
870 1375 887 1394 a
924 1360 1040 1394 multis
1077 1370 1218 1406 putetur
1253 1373 1324 1393 esse

180 1424 394 1464 Adamantii,
427 1433 459 1457 et
482 1424 571 1457 inter
603 1424 672 1470 ejus
699 1424 814 1469 Opera
845 1433 979 1468 reperta
1003 1422 1054 1455 sit.
1102 1423 1187 1455 Eam
1209 1431 1323 1455 autern

178 1488 267 1520 inter
297 1487 413 1531 Opera
442 1487 528 1519 falso
562 1473 729 1531 adici-ipta
760 1486 973 1531 Hieronjmo
1004 1486 1119 1531 posuit
1150 1484 1323 1518 Victorius

179 1551 295 1583 Tomo
321 1561 427 1582 nono,
762 1589 768 1592 ἱ

270 1611 422 1644 Humilia
461 1624 550 1644 nona
581 1610 744 1649 membris
780 1611 886 1642 tribus
923 1609 957 1642 in
993 1622 1096 1642 unum
1133 1608 1321 1653 compactis

179 1675 323 1706 conflata
349 1683 406 1706 est.
456 1673 538 1706 Pars
561 1674 658 1718 prior
682 1672 765 1705 nihil
797 1672 890 1705 aliud
917 1680 966 1705 est
997 1683 1098 1716 quam
1124 1669 1320 1712 Origeniani

178 1744 338 1769 tractatus
360 1734 523 1777 trigesimi
549 1735 659 1780 quarti
684 1736 716 1768 in
734 1735 944 1768 Matthaeum
969 1732 1104 1778 porti03
1128 1732 1218 1764 unde
1235 1744 1321 1764 nou·

177 1798 272 1831 nulla
303 1797 459 1829 consulto
492 1807 658 1842 expuncta
689 1806 783 1830 sunt:
825 1797 918 1842 quod
950 1795 989 1828 iis
1023 1793 1176 1827 doctrina
1207 1792 1318 1825 minus

177 1873 254 1893 sana
290 1860 530 1892 contineretur.
579 1859 628 1891 Ea
659 1872 739 1891 vero
773 1872 868 1903 pars,
906 1870 990 1904 quae
1023 1857 1064 1889 ab
1096 1855 1147 1888 his
1185 1854 1319 1888 orditur

178 1923 305 1955 verbis:
357 1937 373 1952 υ
388 1923 413 1952 Α
439 1919 611 1964 plerisque
637 1920 843 1953 conscientia
867 1919 1032 1964 accipitur
1056 1926 1314 1964 peccatorum,‹t

177 1994 256 2024 etc.‚
290 1992 323 2016 et
349 1982 383 2015 in
408 1981 447 2014 iis
474 1981 615 2014 desinit:
666 1982 784 2014 »Miro
810 1981 908 2014 valde
933 1982 1039 2013 modo
1064 1980 1181 2026 paucis
1205 1979 1316 2012 verbis

176 2058 349 2091 expressus
364 2053 412 2076 est
436 2044 520 2086 iguis
543 2045 757 2086 gehennam«
786 2044 939 2075 desumta
956 2052 1005 2075 cst
1029 2055 1067 2075 ex
1083 2042 1172 2075 libro
1193 2050 1314 2075 octavo

176 2105 509 2143 Commentariorum
533 2105 735 2152 Hieronymi
759 2105 793 2138 in
819 2105 948 2138 lsaiam.
984 2105 1131 2149 Reliqua
1152 2103 1314 2149 suppedi-

174 2171 258 2204 tavit
283 2183 355 2214 cap.
375 2168 428 2203 17.
453 2168 528 2201 libr.
546 2168 585 2201 V.
612 2167 982 2210 Moralium'Gregorii
1006 2166 1131 2210 Magni.

273 2296 303 2339 ¹)
328 2293 429 2327 sesai.
455 2292 580 2331 xmn,
606 2292 658 2326 26.
824 2291 859 2337 2)
885 2292 1006 2326 matth.
1031 2290 1107 2330 xv,
1130 2289 1185 2324 21.
1210 2288 1265 2323 22.
