1413 2482
220 89 288 126 318
558 87 592 121 S.
618 87 795 121 Pimpnm
819 87 1010 122 Mmmus

220 180 343 218 dicere,
367 177 421 210 vel
445 176 584 210 sentire:
615 189 653 210 ex
677 190 745 222 quo
770 178 812 211 ad
835 187 1045 211 contemtum
1069 190 1107 211 ac
1122 179 1154 223 ¹)
1182 179 1350 222 negligen-

220 242 301 274 tiam
325 239 428 272 divini
453 238 570 284 judicii
599 251 693 272 mens
722 239 866 273 humana
897 239 1110 275 formabitur.
1163 239 1259 286 Sit²)
1293 253 1350 273 au-

219 313 287 336 tem
312 302 346 334 in
378 300 604 333 ecclesiastico
631 292 750 334 ordine
781 301 880 334 etiam
912 302 953 334 de
983 311 1202 346 peccatorum
1224 301 1352 347 suppli-

219 365 278 398 ciis
302 364 403 403 fides,
428 371 462 395 et
486 363 527 396 de
551 363 618 403 his,
644 363 702 408 qui
726 362 873 408 praemia
897 364 1006 396 bonae
1031 363 1296 397 conversationis
1319 373 1353 397 et

219 428 306 460 vitae
337 426 370 458 in
401 437 504 467 regno
535 425 677 458 Domini
707 424 795 470 justo
825 425 896 472 ejus
920 425 1047 472 judicio
1071 424 1242 470 recepturi
1264 434 1351 460 sunt.

218 488 256 522 Si
281 489 354 533 quis
379 500 457 529 ergo
483 487 606 521 horum
626 487 766 532 aliquid,
791 501 876 533 quae
892 501 992 532 supra
1010 487 1235 533 exposuimus,
1260 500 1353 520 com—

218 559 347 583 mutare
380 549 433 581 vel
463 550 658 582 subvertere
691 549 896 594 conatur,³)
933 549 1028 582 velut
1051 562 1244 594 perversus,
1276 558 1310 582 et
1334 561 1353 581 a

218 611 409 656 semetipso
430 610 615 651 damnatus,
638 611 824 644 secundum
837 611 1037 644 sententiam
1057 610 1227 656 Apostoli,
1252 609 1352 643 etiam

216 687 234 707 a
258 673 356 706 nobis
380 682 562 718 praecepto
588 673 850 718 obsequentibus
875 671 962 718 ejus,
992 672 1147 706 similiter
1180 672 1352 705 habendus

221 744 279 768 est.
339 734 503 777 Designet
515 734 549 779 4)
590 744 702 768 autem
740 734 1005 777 ecclesiasticum
1040 735 1150 768 virum
1186 747 1263 768 cum
1301 734 1352 767 his

217 796 393 836 omnibus,
432 809 516 841 quae
541 810 641 842 supra
665 796 896 842 exposuimus,
937 795 1038 828 etiam
1070 796 1112 829 de
1137 805 1350 829 mortuorum

217 857 464 892 resurrectione
489 858 593 898 sides,
619 859 660 891 (le
685 871 751 903 qua
775 868 907 891 sanctus
932 858 1118 903 Apostolus
1150 857 1275 890 Paulus
1305 856 1351 891 ita

217 920 478 966 pronuntiat,⁵)
511 919 589 964 quia
612 920 640 953 si
675 920 748 965 quis
772 930 870 963 negat
891 920 1174 953 resurrectionem
1196 928 1351 952 mortuo-

215 996 302 1024 rum,
328 994 536 1026 consequens
561 991 611 1016 est
635 991 673 1015 ut
697 982 820 1016 Christi
840 982 1120 1014 resurrectionem
1136 990 1245 1024 neget.
1283 981 1351 1014 Ha-

216 1044 381 1087 beaturfi)
404 1042 625 1076 nihilominus
649 1044 682 1076 in
708 1044 934 1077 ecclesiastico
958 1043 1078 1077 ordine
1102 1044 1203 1077 etiam
1225 1044 1267 1077 de
1281 1043 1351 1076 dia-

217 1106 298 1139 bolo
326 1105 432 1145 ratio,
458 1114 491 1137 et
515 1105 557 1137 de
583 1104 676 1137 omni
701 1104 770 1151 ejus
795 1105 958 1146 exercitu,
990 1106 1083 1150 quod
1105 1118 1228 1148 agones
1251 1118 1352 1150 quos·

216 1169 293 1203 dam
319 1177 352 1200 et
377 1166 557 1200 certamina
580 1167 803 1212 adversum7)
831 1180 946 1200 omnes
971 1167 1142 1208 homines,
1168 1167 1349 1212 praecipue

216 1241 329 1264 tamen
361 1231 518 1262 adversus
551 1242 626 1270 eos,
656 1229 712 1273 qui
743 1230 883 1261 credunt
912 1229 946 1262 in
977 1229 1167 1262 Dominum
1197 1239 1349 1262 nostrum

215 1295 334 1327 Jesum
360 1292 547 1331 Christum,
579 1300 735 1324 movent:
767 1300 800 1324 et
832 1292 924 1336 quod
955 1291 1185 1325 necessitatem
1210 1291 1348 1337 quidem

213 1356 392 1400 imponere
422 1353 584 1399 peccandi
615 1366 677 1398 per
707 1365 828 1395 agones
860 1362 892 1385 et
922 1353 1102 1386 certamina
1132 1367 1199 1386 non
1226 1354 1348 1394 valent,

214 1418 417 1463 persuadere
448 1426 560 1449 tamen
590 1425 625 1448 et
654 1414 811 1460 decipere
846 1415 888 1447 ad
925 1415 1175 1448 subversionem
1206 1426 1348 1461 possunt

216 1493 284 1520 eos,
309 1479 367 1524 qui
390 1492 459 1511 non
484 1477 579 1511 omni
603 1466 755 1511 custodia
778 1490 836 1510 sua
862 1477 964 1509 corda
987 1477 1235 1522 praemuniunt.
1280 1478 1348 1511 Ha-

215 1542 362 1574 bendum
389 1550 438 1573 est
461 1550 572 1574 autem
597 1540 629 1573 in
655 1539 889 1587 ecclesiasticis
915 1539 1222 1581 observationibus,
1254 1540 1346 1585 quod

311 1691 343 1737 ¹)
367 1691 455 1724 Edd.
480 1691 529 1724 M.
555 1697 625 1725 aul.
720 1690 752 1735 ²)
778 1690 865 1724 Edd.
890 1689 939 1723 M.
964 1692 1034 1724 Sic.

308 1748 341 1791 ³)
368 1747 476 1780 Codd.
503 1746 723 1786 Sorbonicus,
748 1755 780 1779 et
804 1745 931 1779 Montis
956 1746 990 1779 S.
1015 1744 1211 1780 Michaelis:
1236 1760 1344 1782 cona-

214 1801 281 1835 tur,
306 1799 426 1837 peccat
448 1794 538 1825 velut
560 1805 750 1843 perversus,
777 1798 808 1824 et
832 1803 854 1824 α
877 1797 976 1824 semet
998 1792 1072 1834 ipso
1095 1793 1287 1835 damnatus,
1313 1801 1344 1827 et

212 1840 393 1872 secundum
418 1847 480 1870 tte.
528 1838 596 1870 Sed
622 1837 722 1869 ceteii
746 1838 823 1869 Mss.
849 1846 881 1868 et
906 1835 988 1868 editi
1012 1840 1058 1879 (v.
1085 1850 1112 1871 c.
1133 1838 1210 1874 edd.
1226 1838 1285 1878 M,
1310 1839 1342 1871 in

212 1883 332 1928 quibus
356 1892 467 1915 tamen
493 1882 632 1924 legituiz
665 1895 687 1915 a
711 1895 744 1915 se
767 1882 856 1926 ipso)
889 1890 924 1913 ut
955 1880 988 1913 in
1013 1890 1115 1917 textu.
1206 1901 1247 1907 -—
1274 1883 1343 1917 Csr,

213 1930 280 1963 Tit.
308 1929 365 1967 ΙΙΙ,
392 1928 443 1963 11.

305 1983 338 2029 ⁴)
363 1983 448 2016 Edd.
476 1982 524 2016 M.
549 1984 724 2027 Desiynal.

306 2041 338 2085 5)
366 2040 435 2073 cfr.
463 2040 473 2071 ι
500 2038 578 2072 cor.
603 2039 676 2078 XV,
703 2038 754 2074 13.

305 2098 338 2141 ὅ)
362 2095 410 2129 lta
441 2095 521 2128 Mss.
554 2095 723 2139 plerique3
754 2095 815 2128 nisi
848 2097 936 2149 quod
971 2096 1105 2141 quidam
1137 2096 1238 2141 paulo
1263 2106 1340 2140 post

212 2144 372 2176 habeant:
398 2147 429 2174 et
453 2142 492 2173 de
515 2142 604 2174 οιηηὶ
621 2143 705 2182 jure
731 2144 898 2186 emersisti.
934 2142 1026 2174 Editi
1052 2154 1130 2173 vtro
1157 2143 1203 2186 (v.
1221 2155 1246 2174 c.
1262 2143 1337 2174 edd.

211 2190 276 2232 Ι)
303 2188 479 2221 Habentur
503 2206 544 2209 ——
568 2188 729 2227 tationes,
756 2188 857 2230 (Cod.
879 2187 1102 2220 Sorbonicus:
1127 2188 1282 2221 liabetur
1297 2205 1340 2211 —-

211 2199 330 2278 intio)
355 2240 385 2265 et
409 2234 448 2265 cle
471 2244 560 2265 omm
584 2235 655 2274 ejtts
680 2235 832 2266 ‹wrcrcilu
857 2242 918 2266 etc
947 2234 982 2265 l'.

306 2290 338 2333 7)
368 2290 450 2321 lidd.
477 2289 522 2321 M.
549 2290 718 2322 cult-ersus.
