1422 2472
395 105 709 138 OMGEMANORUM
736 105 848 137 Lmen
867 105 932 138 ΠΙ.
1131 105 1199 140 243

58 196 163 230 Josue
189 205 334 229 exstant:
361 208 460 240 quas,
484 205 521 228 ut
548 195 594 228 ait
617 195 758 228 Rufinus
781 195 947 240 interpres
971 195 1004 227 in
1029 194 1200 235 prologo:

62 271 120 291 »ex
156 248 313 303 tempore
348 258 381 290 in
419 257 560 290 ecclesia
594 257 768 302 peroravit
805 257 1026 289 Adamantius
1062 269 1195 292 senex.«

58 320 166 364 Hujus
198 333 334 365 quoque
366 319 497 361 generis
529 332 598 352 esse
625 319 758 351 videtur
788 319 888 352 unica
912 319 972 351 illa
996 318 1030 351 in
1055 320 1068 351 l
1094 319 1198 360 Regg.

56 395 128 426 cap.
156 382 185 416 1.
211 391 245 414 et
269 382 318 422 2.‚
359 390 390 413 et
423 381 487 413 alia
524 381 566 413 de
597 381 890 428 Engastrimytho‚
928 394 1027 426 qnam
1065 381 1196 424 primus

57 444 162 476 edidit
186 444 256 476 Leo
273 443 428 481 Allatius,
453 451 486 475 et
510 456 594 487 quae
618 453 797 488 supersunt
821 443 854 476 in
882 443 1013 482 lsaiam,
1040 442 1074 474 in
1101 443 1196 474 Jere-

55 505 169 545 miam,
194 514 228 538 et
250 505 284 537 in
308 504 533 538 Ezechielem.
573 504 666 537 Haec
690 515 802 538 autem
827 506 969 538 subinde
995 519 1012 538 a
1036 503 1196 536 studiosis

55 566 146 611 juxta
181 565 377 611 Scripturae
421 566 576 598 ordinem
614 567 778 599 collectae
820 577 853 600 et
890 566 1073 612 dispositae
1108 575 1196 599 sunt.

54 628 167 672 Atque
190 627 272 660 haec
295 640 357 661 nos
381 641 499 670 magna
515 628 807 661 verisimilitudine
833 629 926 662 ducti
953 628 1194 673 conjectamus,

54 702 122 722 non
147 689 334 734 praefracte
358 690 546 727 asserimus.

398 1028 848 1077 APPENDIX.

98 1139 220 1172 LIBRI
262 1138 457 1172 ORIGENI
495 1138 668 1178 FALSO,
709 1138 799 1170 VEL
841 1137 1148 1171 DUBITANTER

491 1205 757 1239 ADSCRIPTI.

53 1291 77 1324 l.
113 1289 213 1323 Unde
246 1289 373 1322 factum
403 1288 464 1328 sit,
496 1298 534 1321 ut
569 1288 725 1330 Origenis
757 1301 883 1322 nomen
914 1288 1097 1334 pleraeque
1129 1289 1194 1323 sibi

52 1351 251 1396 scriptiones
275 1351 361 1384 falso
379 1350 591 1390 adsciverint,
617 1350 779 1395 aperitur.
829 1351 872 1383 Il.
897 1350 951 1383 De
971 1351 1078 1383 tribus
1100 1351 1194 1385 libris

51 1414 87 1446 in
109 1414 196 1452 Job,
227 1413 337 1457 deque
362 1420 495 1444 vetusto
529 1411 681 1456 ipsorum
707 1411 904 1456 interprete.
952 1413 1014 1446 III.
1053 1413 1107 1445 De
1132 1427 1195 1458 po-

52 1474 193 1508 steriore
225 1474 260 1507 in
283 1474 351 1506 Job
378 1473 648 1506 Commentario.
698 1474 755 1506 IV.
789 1474 842 1506 De
870 1474 1126 1507 Commentario
1161 1475 1193 1507 in

53 1537 218 1570 Marcum.
266 1536 307 1568 V.
333 1535 386 1567 De
413 1534 574 1567 Homiliis
600 1534 634 1567 in
660 1535 821 1568 diversos.
869 1536 927 1569 Vl.
952 1536 1006 1567 De
1031 1536 1196 1577 Homilia,

52 1611 138 1643 quae
172 1598 207 1630 in
239 1596 367 1630 Codice
393 1596 556 1628 Vaticano
594 1596 803 1629 inscribitur:
846 1601 895 1635 τίς
933 1596 950 1631 ὁ
991 1596 1195 1639 σωζόμενος

51 1657 240 1701 πλούσιος;
285 1659 362 1691 VII.
398 1658 452 1690 De
477 1658 626 1691 scholiis
658 1658 693 1690 in
727 1658 928 1691 Orationem
959 1659 1193 1701 Dominicam,

54 1731 87 1754 et
111 1720 256 1755 Canticis
282 1720 321 1754 B.
338 1719 496 1762 Virginis,
522 1720 715 1757 Zachariae,
743 1729 776 1751 et
800 1719 983 1756 Simeonis.
1019 1721 1114 1756 VIII.
1140 1723 1195 1755 De

51 1783 200 1816 lamento
234 1781 402 1824 Origenis.
458 1782 518 1814 lX.
554 1782 608 1814 De
641 1781 778 1823 dialogo
819 1781 860 1813 de
895 1781 1084 1816 orthodoxa
1115 1784 1195 1820 fide.

51 1845 94 1878 X.
119 1844 172 1877 De
197 1843 264 1876 alio
290 1844 437 1888 quodam
462 1852 594 1875 vetusto
620 1842 778 1885 Dialogo.
824 1843 886 1875 XI.
919 1843 974 1876 De
998 1844 1125 1878 libellis
1151 1846 1194 1878 de

52 1906 254 1939 haeresibus.
301 1905 379 1938 XII.
404 1905 458 1937 De
483 1904 710 1946 singularitate
737 1903 963 1940 clericorum.
1009 1906 1107 1940 XIII.
1138 1907 1193 1940 De

96 1966 303 2004 Astrolabio,
328 1975 361 1998 et
385 1966 638 2006 de‘Breviario,
664 1976 697 1999 et
720 1978 875 1999 sermone
900 1966 941 1999 de
962 1966 1147 2001 Catechesi.

144 2045 169 2078 Ι.
207 2044 527 2077 Demonstravimus
553 2044 632 2077 libri
658 2044 798 2077 secundi
823 2053 943 2089 quarto
969 2045 1098 2089 capite,
1124 2059 1196 2079 ma-

54 2119 156 2148 gnum
194 2106 376 2150 aliquando
414 2106 448 2137 in
484 2105 625 2138 ecclesia
664 2115 698 2138 et
732 2105 863 2138 illustre
899 2105 1001 2138 fuisse
1038 2106 1196 2149 origenis

53 2180 197 2208 nomem
227 2180 336 2211 eoque
369 2167 469 2200 etiam
495 2181 533 2200 ex
559 2167 829 2200 adversariorum
862 2168 1137 2201 contentionibus
1162 2179 1197 2202 et:

55 2228 230 2267 convitiis,
255 2229 348 2272 quod
373 2230 442 2261 fere
467 2229 548 2262 alias
572 2242 633 2261 usu
658 2229 772 2262 venire
797 2229 904 2268 solet,
931 2228 1095 2262 illustrius
1120 2243 1196 2262 eva-

54 2290 145 2324 sisse.
184 2290 272 2323 Hinc
296 2290 423 2322 factum
449 2300 510 2330 est,
534 2300 571 2323 ut
596 2291 637 2323 ab
654 2290 791 2323 incertis
811 2299 844 2322 et
862 2290 984 2332 ignotis
1001 2291 1194 2325 auctoribus

858 2351 930 2385 16*
