1413 2482
179 96 244 132 406
515 100 550 135 S.
575 100 750 133 Pampmm
775 100 965 133 MARTYRIS

183 186 272 220 enirn
297 186 397 220 dixit:
423 188 498 233 lpse
513 189 544 234 ¹)
568 199 616 222 est
640 190 747 224 Elias:
781 202 849 223 non
874 191 915 223 ad
940 189 1050 230 aliud,
1079 190 1138 222 sed
1174 189 1216 222 ad
1240 190 1309 222 ani-

183 262 271 281 mam
295 249 510 283 referendum
533 252 759 300 putaruntvst)
791 260 822 284 et
854 264 893 284 ex
923 252 988 284 hoc
1019 263 1107 296 pene
1137 250 1213 284 solo
1245 263 1313 286 ser.-

183 322 285 342 mone
317 311 438 353 dogma
476 312 734 347 introduxerunt
769 312 1144 359 μετενσωματώσεως,
1179 311 1216 345 id
1255 321 1316 352 est,

184 372 469 406 transmutationis
493 374 690 416 animarum,
714 376 806 421 quasi
831 376 931 409 etiam
955 376 1029 420 ipso
1054 375 1118 408 hoc
1131 365 1212 408 Jesu
1238 387 1317 406 con-

188 433 353 467 firmante.
400 436 468 470 Sed
490 447 688 482 oportuerat
711 437 849 477 intueri,
874 437 962 482 quia,
985 437 1012 470 si
1037 438 1103 470 hoc
1128 449 1244 469 verum
1270 448 1319 468 es-

189 504 250 536 set,
273 494 306 529 in
330 498 445 531 multis
468 499 587 545 utique
610 500 853 545 prophetarum
878 499 932 532 vel
956 498 1217 541 Evangeliorum
1241 496 1322 530 scri-

190 556 258 601 ptis
281 559 391 592 simile
420 561 548 606 aliquid
577 562 720 595 inveniri
750 562 899 594 deberet.
945 561 1034 593 Tum
1066 560 1189 594 deinde
1221 559 1322 592 etiam

192 617 252 652 ille
275 633 398 662 sermo,
423 623 480 668 qui
504 623 581 657 huic
597 624 797 670 adjungitur,
822 624 969 656 ostendit
985 622 1203 656 secretiorem
1221 633 1326 666 quen·

194 681 272 714 dam
296 692 330 716 et
351 696 507 718 arcanum
531 699 665 720 sensum
688 686 721 718 in
747 684 916 731 hissquae
937 684 1027 717 dicta
1046 693 1133 723 sunt,
1155 683 1327 728 requiren-

197 743 289 784 dum,
311 746 414 788 magis
438 760 537 792 quam
551 747 585 793 ³)
611 761 659 788 ea,
685 760 767 793 quae
784 747 850 780 ,illi
874 748 1058 780 secundum
1082 746 1198 778 literae
1221 743 1327 778 solius

198 804 452 849 intelligentiam
474 819 703 854 susceperunt,
730 822 805 842 cum
830 808 929 842 dicit:
961 804 1031 852 Qui
1043 808 1076 852 ⁴)
1109 808 1209 840 habet
1232 819 1328 839 aures

199 868 368 910 audiendi,
402 871 524 905 audiat.
571 871 775 905 Addendum
788 871 822 916 ⁵)
852 880 965 903 autem
998 879 1031 902 et
1060 869 1165 909 illud,
1203 869 1237 901 id
1270 877 1329 907 est,

202 929 279 974 quia
302 930 329 963 si
353 945 416 976 pro
440 930 604 978 peccatis,
627 933 812 965 secundum
838 933 931 977 quod
953 932 1017 977 ipsi
1041 930 1205 969 sentiunt,
1229 939 1332 962 trans-

202 992 344 1025 mutatio
369 994 427 1026 fiat
450 993 647 1033 animarum,
671 1004 813 1039 propter
837 1006 920 1039 quae
943 1002 1081 1038 peccata
1103 992 1200 1026 Eliae
1223 991 1331 1024 anima

203 1063 419 1088 transmutata
445 1056 546 1089 estin
570 1058 756 1096 Joannem,
790 1055 847 1100 qui
876 1055 916 1087 ab
949 1054 1023 1098 ipso
1049 1054 1167 1096 angelo
1192 1054 1333 1087 nascitu-

202 1128 258 1148 rus
282 1118 545 1161 praenuntiatur,
574 1131 592 1151 a
617 1131 684 1164 quo
711 1127 744 1151 et
767 1118 863 1150 Jcsus
887 1117 1044 1152 Salvator
1066 1116 1205 1153 noster?
1240 1115 1336 1159 Quo-

205 1179 311 1212 modo
336 1192 415 1222 ergo
440 1193 507 1213 non
534 1179 864 1223 evidentissimum5)
888 1179 953 1211 hoc
977 1178 1191 1210 mendacium
1217 1187 1275 1218 est,
1300 1188 1336 1210 ut

208 1239 279 1280 ille,
304 1241 362 1286 {lui
386 1251 452 1274 tam
477 1243 646 1288 perfectus
679 1243 762 1282 suit,
798 1251 836 1274 ut
872 1254 913 1273 nc
952 1253 1166 1273 communem
1199 1239 1336 1285 quidem

209 1301 304 1335 istam
335 1313 480 1337 mortem
511 1314 675 1347 gustaret,
706 1303 835 1336 veniret
865 1303 906 1335 ad
935 1302 1246 1335 transmutationem
1270 1302 1338 1334 ani-

211 1377 296 1405 mae,
321 1378 406 1410 quae
428 1368 613 1400 secundum
637 1367 775 1399 illorum
806 1365 1024 1398 assertionem
1052 1377 1121 1397 non
1152 1372 1265 1408 potest
1288 1376 1341 1396 ac-

212 1426 323 1460 cidere
347 1427 475 1461 nisiex
506 1428 677 1475 peccatis?
717 1428 897 1471 Deinde7)
934 1427 1109 1472 quomodo
1143 1426 1209 1458 hoc
1241 1438 1343 1469 expo-

212 1498 309 1530 nent,
345 1491 437 1535 quod
462 1491 588 1524 dictum
616 1500 663 1523 est
688 1491 728 1523 ad
754 1491 938 1523 Joannem:
977 1488 1075 1533 Tu8)
1100 1487 1189 1520 Elias
1214 1486 1273 1521 es?
1300 1487 1341 1518 Et

216 1591 282 1635 Μ.)
311 1592 471 1624 »eandem
507 1605 575 1624 esse
608 1592 702 1637 (edd.
735 1593 784 1625 M.
814 1593 938 1636 fuisse)
993 1604 1054 1623 uae
1086 1588 1245 1622 Joannis«
1279 1596 1340 1619 etc.

217 1636 257 1670 R.
283 1655 322 1659 -
351 1638 420 1671 Cfr.
447 1637 498 1671 ed.
523 1642 626 1671 nostr.
653 1638 752 1671 'lom.
778 1639 817 1671 V
841 1651 914 1682 pag.
938 1636 981 1672 30
1007 1661 1015 1668 .
1040 1644 1108 1668 not.
1134 1633 1164 1668 6.

314 1696 343 1738 ¹)
370 1694 488 1726 Matth.
512 1694 571 1734 Xl,
598 1694 649 1728 14.
744 1694 777 1739 ί’)
803 1694 889 1727 Edd.
917 1694 962 1726 M.
990 1697 1240 1736 »putaverunt«

310 1752 344 1794 ³)
366 1750 459 1782 Editi
483 1754 531 1795 (v.
558 1765 584 1784 c.
610 1752 685 1784 edd.
710 1751 776 1793 M.)
803 1763 921 1794 »quam
947 1746 1038 1800 quod
1056 1746 1115 1778 illi.
1121 1762 1137 1775 «
1172 1745 1250 1777 Mss.
1271 1745 1345 1788 plu-

218 1808 286 1828 res:
328 1808 446 1839 »qnam
478 1810 563 1840 quae
594 1796 676 1835 illi,«
711 1796 795 1829 Cod.
831 1797 866 1828 S.
898 1793 1057 1835 Remigii:
1090 1803 1207 1834 »quam
1246 1802 1345 1834 quem

220 1841 300 1873 illis*
350 1842 418 1874 Sed
455 1842 574 1874 melius
615 1842 699 1875 Cod.
738 1840 945 1874 Sorbonicus
980 1848 1017 1870 ut
1048 1837 1080 1869 in
1112 1845 1214 1869 textu.
1240 1836 1279 1868 R.
1305 1855 1345 1860 -—

224 1886 293 1920 Csr.
318 1887 371 1919 ed.
397 1896 500 1920 nostr.
526 1887 625 1919 'lom.
652 1888 690 1919 V.
716 1898 787 1930 pag.
813 1886 887 1920 310.
913 1893 982 1916 not.
1009 1885 1037 1917 1.

313 1943 347 1988 ⁴¹)
372 1943 491 1976 Manli.
516 1943 576 1982 XI,
602 1944 653 1977 15.

316 2001 349 2044 ⁵)
374 1999 464 2031 Editi
490 1999 537 2041 (v.
564 2012 590 2031 c.
617 1999 692 2031 edd.
718 1999 783 2041 Μ.)
810 1998 841 2029 et
864 1997 944 2030 Mss.
968 1996 1098 2040 plures:
1127 1993 1348 2026 „Addcndum

225 2055 334 2078 autem
362 2054 395 2077 ct
419 2044 503 2077 illud
530 2053 595 2082 est,
620 2044 716 2088 quia«
744 2053 805 2075 etc.
853 2043 921 2075 Sed
952 2041 1070 2073 melius
1103 2040 1188 2072 Cod.
1223 2039 1351 2072 Sorbo-

225 2091 317 2124 nicus
343 2099 378 2122 ut
401 2090 435 2122 in
458 2099 560 2122 textu.
586 2090 626 2122 R.

320 2148 354 2192 ⁶)
378 2147 464 2179 Edd.
489 2146 538 2179 M.
567 2144 871 2177 »evidentissimum
890 2142 1099 2176 mendacium
1122 2141 1267 2173 estlioc«
1288 2149 1349 2172 etc.

233 2214 272 2220 --
298 2194 335 2226 ln
357 2206 447 2236 seqq.
473 2191 548 2224 edd.
574 2191 621 2224 M.
650 2199 705 2222 »ut
728 2203 789 2222 nec
816 2194 1051 2222 communem⁸⁴
1076 2197 1138 2220 etc.

322 2249 354 2292 ⁷)
380 2247 469 2280 Editi
496 2249 542 2292 (v.
556 2261 583 2279 c.
600 2247 676 2279 edd.
693 2247 757 2290 M.)
785 2246 990 2290 »Denique«
1011 2245 1079 2278 Mss
1107 2242 1288 2275 »Deinde«
1311 2241 1350 2273 R,

322 2306 356 2349 8)
381 2305 439 2338 Ev.
463 2304 582 2337 Joann.
608 2303 631 2343 l,
656 2302 707 2337 21.
