1413 2482
174 80 239 115 190
504 79 619 113 Parni
644 79 818 113 Damni-is
841 80 975 114 Huc-m

171 180 238 209 est,
263 170 355 215 quod
382 169 482 211 vulgo
511 169 676 209 creditur,
707 169 879 214 quintam,
912 179 947 202 et
968 179 1095 203 sextam
1120 170 1306 204 editionem

170 232 342 264 universos
382 230 577 275 Scripturae
615 231 719 264 libros
759 232 861 265 fuisse
900 231 1103 277 complexas.
1165 233 1306 278 Aliquot

168 360 402 398 Psalmorum,
439 368 472 392 et
511 359 546 392 in
586 359 769 393 duodecim
808 359 985 404 prophetis
1016 359 1214 393 minoribns.
1267 362 1305 394 In

168 416 310 449 Psalmis
335 415 473 460 quidem
499 424 564 448 tres
590 416 664 448 illas
690 415 858 448 editiones
884 429 946 461 per
963 425 1074 449 totum
1099 416 1224 450 librum
1247 418 1305 451 ad-

168 472 294 515 junctas
319 471 420 504 fuisse
445 472 589 504 suadent
611 471 802 516 frequentia
825 472 960 505 illarum
985 473 1189 515 fragmenta,
1221 486 1305 518 quae

168 528 290 572 passim
317 529 557 570 observantur;
587 528 621 561 in
647 528 830 561 duodecim
856 541 936 560 vero
962 529 1139 573 prophetis
1163 529 1305 562 minori-

165 586 246 625 bus,
281 594 365 617 teste
401 584 631 631 Hieronymo,
671 593 806 630 praeter
838 584 1018 628 Aquilam,
1053 584 1306 631 Symmachum,

114 651 116 653 ’
165 641 402 687 Septuaginta,
428 641 723 681 Theodotionem,
756 650 788 673 et
812 641 984 686 quintam,
1017 641 1101 673 duae
1126 640 1210 674 aliae
1235 641 1307 674 edi-

166 698 275 731 tiones
300 697 477 742 appositae
504 706 608 737 erant,
632 696 795 730 videlicet
817 707 908 731 sexta
926 707 958 730 et
985 697 1139 742 septima,
1163 710 1305 742 quarum

165 756 351 797 fragmenta
375 753 586 786 exhibemus:
612 752 748 798 quintae
774 766 898 799 nempe
919 753 1199 799 frequentissima,
1225 753 1303 786 alia-

164 825 238 844 rum
269 823 350 843 vero
382 809 517 843 rariora.
574 805 763 843 Canticum'
784 819 897 843 autem
928 810 1087 842 Habacuc
1117 810 1302 842 secundum

162 882 262 901 unam
288 881 326 900 ex
352 867 402 899 his
427 865 606 911 postremis
632 866 838 899 editionibus
875 866 1043 908 integrum
1074 876 1303 911 repraesenta-

161 940 254 959 mus:
287 924 380 970 quod
406 936 482 955 cum
506 935 568 954 nec
593 922 746 966 quintae,
777 935 841 955 nec
865 931 975 955 sextae
1001 934 1071 955 esse
1095 921 1219 966 possit,
1250 935 1302 954 se-

162 982 277 1028 quitur
309 994 345 1014 ex
370 979 513 1024 septima
545 979 736 1011 desumtum
771 992 850 1011 esse.
901 979 939 1010 In
965 977 1113 1011 canticis
1144 977 1302 1011 Cantico-

160 1052 247 1077 rum,
273 1037 407 1082 quintae
423 1036 535 1068 solum
555 1044 588 1067 et
605 1045 713 1067 sextae
731 1035 893 1067 lectiones
907 1035 1113 1074 asseruntur3
1137 1033 1300 1078 septimae

162 1108 240 1127 vero
266 1107 308 1126 ne
334 1092 513 1134 vestigium
539 1091 675 1136 quidem
700 1092 859 1124 habetur:
883 1091 974 1124 unde
991 1090 1132 1123 fortasse
1150 1090 1299 1135 suspicio

160 1151 300 1190 oriatur,
323 1149 377 1182 hic
401 1148 580 1193 septimam
598 1160 666 1180 non
692 1148 829 1181 assuisse
854 1160 931 1180 cum
956 1146 1046 1179 aliis:
1072 1146 1165 1191 quod
1187 1155 1300 1181 tamen

158 1221 227 1241 non
251 1207 315 1241 nisi
339 1216 467 1239 temere
492 1203 652 1237 affirmari
678 1213 802 1249 potest.
849 1202 970 1237 Potuit
995 1201 1103 1244 enim,
1129 1203 1189 1238 etsi
1213 1203 1300 1236 assu-

159 1265 234 1304 erit,
259 1277 277 1297 a
301 1261 544 1296 collectoribus
570 1259 703 1302 negligi.
752 1261 789 1293 In
806 1260 1040 1293 Pentateucho
1065 1269 1176 1292 autem
1202 1260 1299 1304 quin-

158 1331 228 1353 tam
260 1330 293 1352 et
324 1328 450 1352 sextam
476 1316 663 1349 editionem
693 1316 811 1350 locum
840 1327 1022 1360 occupasse
1054 1328 1171 1355 suum,
1205 1316 1299 1349 testi-

159 1378 302 1410 ficantur
326 1374 479 1418 exempla
503 1386 572 1405 non
597 1385 715 1417 pauca.
755 1372 812 1406 Sic
831 1372 954 1405 Genes.
974 1384 1045 1415 cap.
1064 1370 1119 1405 34.
1146 1385 1228 1406 vers.
1244 1372 1296 1406 15.

159 1447 198 1466 ex
215 1430 422 1472 Co‹l.Regio
449 1430 591 1462 affertur
615 1428 749 1473 quintae
772 1428 929 1460 editionis
954 1427 1069 1467 lectio,
1092 1428 1152 1460 ubi
1176 1441 1296 1461 vocem

157 1492 253 1523 mx)
278 1488 332 1520 hic
348 1487 514 1531 interpres
532 1485 649 1517 vertit:
676 1484 911 1529 εὖνοήσομεν,
931 1494 964 1517 et
985 1496 1056 1528 cap.
1071 1483 1124 1518 35.
1143 1497 1227 1518 vers.
1244 1484 1295 1519 19.

156 1548 190 1579 in
204 1547 293 1578 hunc
306 1545 438 1576 locum:
467 1529 560 1573 ΞΗἾ
577 1545 643 1571 ΠἮ
662 1543 738 1571 »⁸³³³
755 1542 905 1573 ιἾῖἾἾΞΝ.
934 1540 1134 1573 Ambrosius
1147 1540 1181 1573 in
1199 1540 1297 1585 epist.

157 1604 199 1635 ad
213 1600 465 1635 Horontianum
488 1597 550 1630 ait:
580 1596 730 1640 »Quinta
747 1605 858 1629 autem
879 1597 1054 1630 traditioz«
1084 1596 1295 1641 »»Ephrata,

155 1660 228 1704 ipsa
254 1667 303 1690 est
332 1647 453 1689 domus
477 1653 643 1699 panis:««
680 1653 771 1685 »hoc
794 1652 994 1698 prateritum
1020 1662 1069 1685 est
1092 1652 1126 1685 in
1150 1652 1294 1685 aliorum

155 1713 438 1748 traditionibus:«
473 1709 532 1742 ubi
557 1708 756 1742 traditiones
786 1708 846 1741 ille
877 1722 941 1753 pro
967 1708 1175 1742 editionibus
1198 1722 1294 1742 usur-

154 1780 222 1816 pat.
263 1770 308 1802 Et
331 1767 438 1800 Levit.
465 1767 497 1805 1,
525 1765 577 1800 16.
601 1770 649 1799 Α.
676 1768 718 1799 Σ.
743 1764 809 1807 τήν
833 1769 1046 1805 σιτίζουσαν.
1092 1767 1134 1799 Θ.
1160 1768 1203 1798 Ε.
1228 1764 1294 1808 τὴν

156 1825 296 1872 ὀσφὺν,
324 1822 369 1867 ἢν
394 1822 497 1868 ἡμεῖς
520 1824 705 1865 καλοῦμεν
729 1819 868 1866 ᾳ-ύσαν.
917 1821 1004 1853 Item
1026 1820 1134 1853 Levit.
1161 1833 1233 1865 cap.
1257 1820 1292 1855 2.

154 1896 239 1917 vers.
265 1881 295 1917 3.
327 1881 362 1912 in
387 1878 544 1923 Append.
578 1881 622 1911 Σ.
648 1881 694 1912 E.
728 1876 801 1912 ἀπὸ
833 1878 905 1911 τῶν
928 1874 1189 1922 καρπωμάτων
1210 1879 1291 1910 Κυ-

154 1944 245 1986 ρίου.
293 1937 338 1969 Et
360 1934 469 1968 Levit.
492 1934 559 1973 ΧΙ,
586 1933 636 1967 17.
673 1937 720 1967 Λ.
756 1935 798 1968 Ο.
833 1934 874 1967 Θ.
907 1936 951 1966 E.
982 1931 1207 1977 νυκτικόραξ.
1242 1931 1289 1973 ς’.

153 1993 282 2042 yion&-
305 1996 349 2027 E.
375 1991 538 2035 quintam,
564 1987 608 2029 ς’.
627 1998 753 2022 sextam
779 1989 916 2028 indicat,
942 1998 975 2021 et
993 1988 1170 2033 utriusque
1186 1988 1290 2022 inter·

153 2051 300 2098 pretatio
325 2048 476 2081 affertur.
526 2044 723 2090 lbidemque
748 2058 833 2078 vers.
858 2043 910 2080 31-
952 2046 993 2079 0.
1022 2047 1063 2079 Θ.
1089 2049 1134 2079 Ε.
1169 2045 1290 2100 αὐτίῶν

153 2105 392 2150 τεθνηκότων.
434 2103 535 2136 Hisce
554 2111 621 2134 tam
647 2102 772 2146 apertis
798 2100 998 2134 testimoniis
1013 2101 1169 2143 refragari
1185 2114 1288 2135 nemo

152 2177 251 2211 posse
276 2162 420 2194 videtur.
471 2163 512 2191 At
537 2158 662 2190 mirum
687 2167 755 2198 est,
781 2159 932 2203 quintam
958 2167 990 2190 et
1014 2167 1138 2190 sextam
1165 2158 1287 2195 editio-

152 2235 230 2254 nem
254 2232 272 2252 a
295 2216 430 2250 nemine
457 2224 608 2248 veterum
632 2213 854 2254 Graecorum,
879 2215 936 2259 qui
961 2214 994 2247 in
1019 2213 1285 2247 pentateuchum

152 2287 204 2311 tot
238 2271 489 2310 Commentaria
519 2270 717 2310 ediderunt,
753 2280 974 2303 memoratam
1005 2270 1136 2315 uspiam
1172 2269 1283 2303 fnisse.
