1422 2472
365 106 682 140 Omossumnonum
706 106 821 138 Lmen
848 105 887 138 11.
1138 107 1178 140 47

56 196 113 241 qui
138 196 320 240 Theophili
345 197 462 236 verba,
488 195 607 240 quibus
632 195 786 237 origenis
820 195 978 227 colubros
1007 206 1041 225 sc
1073 194 1180 225 Evan-

55 258 165 300 gelico
197 271 274 290 ense
309 267 476 290 truncasse
508 258 598 301 apud
623 257 849 301 Epiphanium
875 256 1036 301 jactabat,
1060 267 1182 299 perpe-

56 332 126 352 ram
151 320 398 364 interpretatus,
424 329 576 363 questum
602 318 637 350 id
662 318 762 351 fuisse
787 317 919 362 scripsit
939 316 1180 360 Theophilum,

57 382 151 425 quod
175 382 326 413 membra
349 381 413 412 sibi
437 381 527 412 ferro
556 389 745 411 truncarent
770 379 997 420 origenistae,
1020 387 1056 409 ut
1080 378 1181 410 habe-

56 450 172 474 rentur
204 441 350 474 humiles
381 450 413 473 et
444 441 603 482 religiosi.
659 441 740 472 Mox
772 450 809 472 ut
838 440 1038 484 synodicam
1069 439 1182 471 Theo—

57 503 142 547 phili
167 503 344 546 epistolam
368 503 499 547 accepit
522 502 742 546 Epiphanius,
767 501 808 532 ad
833 501 1075 546 Hieronymum
1102 514 1181 533 con-

57 564 153 596 tinuo
177 564 323 603 remisit,
352 564 519 608 aliamque
550 564 673 608 adjecit
698 564 738 594 de
763 575 843 601 su0,
867 561 900 593 in
925 575 988 605 qua
1011 562 1059 594 sic
1083 562 1182 594 illum

57 626 195 658 affatur:
222 625 349 665 »Scito,
365 626 394 670 ¹)
419 626 468 657 fili
493 625 670 663 carissime,
696 623 834 656 Amalec
857 635 962 666 usque
982 624 1023 655 ad
1041 624 1182 667 stirpem

59 699 128 719 esse
153 687 313 725 deletum,
339 696 372 718 et
396 687 429 719 in
453 696 569 718 monte
594 684 775 729 Raphidim
808 693 957 716 erectum
983 685 1182 728 trophaeum

59 748 172 781 crucis.
219 748 355 780 Etenim
380 749 554 792 quomodo
578 746 744 791 porrectis
757 746 789 788 ²)
813 745 847 777 in
865 746 970 777 altum
988 746 1095 778 Mosis
1112 759 1181 778 ma-

57 809 167 850 nibus,
191 810 346 842 vincebat
369 810 487 842 lsrael:
520 809 567 841 sic
594 807 763 841 Dominus
789 807 995 839 confortavit
1018 807 1182 840 famulum

56 883 155 903 suum
179 871 419 915 Theophilum,
444 880 481 902 ut
504 883 605 915 super
628 871 731 902 altare
755 869 915 902 ecclesiae
941 869 1183 902 Alexandrinae

58 942 175 965 contra
198 932 379 974 Origenem
405 932 566 964 vexillum
590 939 751 976 poneret,
785 940 819 963 et
849 932 1048 975 impleretur
1070 931 1104 963 in
1129 944 1181 970 eo,

59 995 148 1038 quod
175 995 319 1027 dicitur:
356 993 477 1027 Scribe
489 994 523 1039 3)
546 993 677 1035 signum
702 992 785 1033 hoc,
823 993 900 1037 quia
924 993 1047 1025 delebo
1072 993 1183 1025 sundi-

59 1065 112 1088 tus
135 1055 290 1098 Origenis
313 1056 464 1088 haeresin
496 1069 514 1088 a
544 1054 630 1087 facie
662 1063 769 1087 terrae
803 1068 878 1087 cum
910 1054 984 1099 ipso
1010 1055 1180 1087 Amalec«

61 1116 140 1159 Quo
169 1126 364 1158 argumento
396 1118 439 1150 ad
477 1116 706 1160 Epiphanium
745 1115 924 1160 scripserat
961 1115 1183 1159 Theophilus,

61 1178 180 1210 codem
206 1179 456 1222 propemodum
481 1177 612 1221 scripsit
635 1178 678 1209 ad
691 1177 952 1221 Hieronymum;
978 1177 1030 1208 cui
1055 1177 1108 1209 hic
1131 1190 1184 1208 rc-

61 1240 250 1283 spondens:
277 1241 382 1279 »Vox,
407 1239 579 1284 inquit,⁴)
605 1237 819 1271 beatitudiuis
845 1247 920 1270 tuae
944 1237 978 1270 in
1003 1247 1076 1270 toto
1101 1240 1182 1270 orbe

60 1301 253 1345 pertonuit,
284 1310 318 1334 et
348 1300 479 1333 cunctis
502 1300 626 1333 Christi
657 1299 806 1332 ecclesiis
833 1299 1031 1331 laetantibus
1057 1299 1184 1332 diaboli

61 1374 187 1395 venena
211 1361 345 1395 siluere.
391 1362 613 1406 Nequaquam
634 1361 777 1405 amplius
803 1361 958 1404 antiquus
981 1373 1117 1405 serpens
1142 1360 1185 1392 si-

60 1423 157 1464 bilat,
179 1424 240 1456 sed
262 1431 437 1456 contortus
462 1431 494 1454 et
519 1423 719 1456 evisceratus
743 1423 776 1454 in
797 1435 1013 1455 cavernarum
1039 1422 1184 1454 tenebris

62 1484 262 1518 delitescens
291 1484 399 1518 solem
424 1484 552 1517 clarum
575 1486 664 1517 ferre
688 1497 757 1517 non
781 1484 938 1516 sustinet:
964 1483 1022 1528 qui
1047 1483 1184 1528 quidem

61 1559 163 1591 super
186 1547 245 1579 hac
269 1559 315 1586 re,
340 1556 374 1579 et
397 1555 576 1590 antequam
600 1547 773 1587 scriberes,
799 1546 841 1578 ad
865 1545 1088 1579 Occidentem
1113 1545 1185 1588 epi-

61 1609 163 1641 stolas
185 1608 351 1648 miseram,
375 1620 414 1641 ex
437 1618 531 1652 parte
544 1606 803 1641 Haereticorum
826 1608 980 1652 strophas
1004 1619 1098 1639 meae
1123 1606 1186 1638 lin-

64 1682 146 1712 guae
171 1669 365 1702 hominibus
389 1670 551 1703 indicans.
599 1670 648 1703 Ex
678 1669 927 1714 dispensatione
960 1668 1027 1700 Dei
1058 1668 1185 1710 sactum

62 1741 159 1776 puto,
181 1742 218 1764 ut
241 1744 282 1764 eo
308 1731 341 1763 in
365 1741 520 1776 tempore
544 1742 581 1764 tu
607 1744 741 1777 quoque
765 1732 807 1763 ad
833 1729 1040 1763 Anasta-sium
1058 1729 1185 1773 Papam

62 1793 242 1832 scriberes,
264 1802 299 1825 et
321 1803 470 1826 nostram
495 1794 576 1826 dum
599 1794 731 1836 ignoras
754 1792 951 1825 sententiam
975 1791 1184 1822 r0b01·ares.«

63 1854 107 1886 Et
131 1854 233 1898 paulo
259 1864 353 1898 post:
381 1854 597 1888 »Vincentius
622 1856 797 1901 presbyter
819 1863 895 1887 ante
918 1853 1061 1885 biduum
1085 1865 1186 1896 quam

64 1916 147 1948 hanc
170 1915 350 1960 epistolam
375 1917 507 1956 darem,
539 1918 581 1950 de
612 1917 704 1950 Urbe
728 1916 838 1956 venit,
872 1925 907 1948 et
929 1913 1130 1959 suppliciter
1152 1922 1185 1944 te

66 1977 193 2016 salutat,
218 1979 403 2022 crebroque
427 1992 582 2011 sermone
607 1979 821 2012 concelebrat
846 1978 1000 2017 Romam,
1024 1984 1056 2008 et
1081 1984 1185 2007 totam

160 2119 190 2161 ¹)
219 2121 314 2164 Apud
341 2121 535 2167 Hieronym.
561 2136 614 2167 ep.
641 2122 696 2157 73.

159 2174 193 2218 ²)
219 2175 287 2208 Csr.
311 2176 417 2209 Exod.
441 2177 550 2218 XVH,
576 2179 627 2212 11.

160 2229 192 2272 ³)
220 2230 287 2263 Cfr.
311 2231 416 2263 Exod.
440 2233 550 2273 XVll,
577 2234 629 2271 14.

160 2286 193 2328 ⁴)
221 2285 289 2317 Csr.
316 2286 510 2332 Hieronym.
537 2289 633 2332 epist.
659 2289 710 2324 71.
