1422 2472
346 67 661 100 Omommonum
686 66 801 100 Lmen
827 67 886 100 111.
1122 65 1184 100 121

45 157 138 200 θήκη
175 158 246 202 ipse
278 158 460 203 ?.11¹.1'v20§›
500 166 534 189 et
569 155 744 189 doen-inae
787 156 896 189 omnis
931 156 1187 190 refertissimum

45 233 144 265 penu.
200 219 406 264 Prophetiae
439 217 629 251 Ezechielis
664 219 851 263 praefixum
889 220 955 252 hoc
991 219 1092 251 habet
1128 218 1188 252 ille

45 281 148 314 liber:
185 279 413 327 Μετελήφθη
439 279 512 315 ἀπὸ
539 281 610 315 τῶν
626 278 718 315 κατὰ
735 279 799 319 τὰς
816 278 1188 325 ἔκδόσειςἘξαπλῶν,

45 346 106 378 καὶ
137 342 333 388 διωρθώθη
367 342 440 378 ἀπὸ
472 344 545 377 τῶν
574 341 782 388 Ὠριγένους
814 343 925 379 αὐτοῦ
954 344 1186 389 Τετραπλῶν,

38 402 151 441 ’ἅτινα
178 407 238 440 καὶ
264 404 372 440 αὐτοῦ
400 405 496 450 χειρὶ
526 402 734 450 thwetum,
768 406 830 439 καὶ
855 402 1188 451 ἐσχολιογράφητο·

50 467 139 503 ὅθεν
155 467 329 511 Εὐσέβιος
352 466 423 512 ἐγώ
447 465 490 501 τὰ
516 464 645 511 σχόλια
671 469 870 511 παρέθηκα.
913 466 1002 499 Hinc
1027 465 1187 499 discimus

46 528 286 575 Tetraplomm
312 527 436 561 limbos
454 527 602 561 Scholiis
627 529 668 561 ab
687 527 834 570 Origene
859 526 962 561 fuisse
985 526 1185 563 succinctos.

46 591 83 625 Si
108 590 181 637 quis
204 599 317 624 autem
341 590 518 630 existimet,
543 601 628 635 quae
653 589 689 623 in
713 589 778 623 hoc
803 588 968 624 Marchali
994 587 1124 622 Codice
1147 589 1191 622 ad

46 666 140 687 oram
163 652 372 694 Ezechielis,
405 651 620 698 aliorumque
652 650 899 696 prophetarum
930 651 1083 684 adtextae
1113 659 1191 684 sunt

44 714 296 755 annotationes,
333 727 371 747 ea
401 714 473 759 ipsa
507 726 576 747 esse
608 713 764 756 Origenis
788 713 944 754 Scholia,
981 713 1128 745 multum
1162 711 1189 744 is

45 790 122 810 sane
147 776 280 810 errabit.
332 775 497 809 Constant
523 775 611 809 enim
643 775 723 809 illae
747 775 872 821 partim
897 775 996 808 variis
1018 775 1190 819 interpre-

44 838 229 872 tationibus
268 851 306 871 cx
348 838 490 884 Aquila,
533 837 776 871 Theodotione
816 847 850 871 et
888 837 1091 884 Symmacho
1132 837 1190 869 de-

43 901 206 946 promtis;
243 900 366 946 partim
398 900 600 933 lectionibus
632 900 749 941 variis,
784 900 840 933 vel
879 901 965 934 circa
999 899 1188 932 lectionum

44 963 238 997 varietatem
277 962 579 996 observationibus.
639 963 787 996 Neutrae
820 975 902 995 vero
946 974 1011 1007 pro
1049 961 1188 994 scholiis

46 1026 202 1068 Origenis
227 1024 342 1058 haberi
365 1034 524 1069 possunt:
559 1037 628 1057 non
652 1025 794 1070 priores.
843 1024 928 1068 Quis
955 1023 1045 1058 enim
1069 1031 1189 1068 putare

47 1087 159 1133 possit
183 1087 216 1120 in
241 1086 416 1131 Tetrapla,
442 1099 526 1131 quae
545 1086 701 1126 scholiis,
725 1095 763 1119 ut
788 1086 866 1127 dixi,
892 1085 1061 1119 succincta
1086 1093 1190 1125 erant,

45 1151 134 1182 unde
169 1158 201 1182 et
233 1149 294 1181 ista
325 1148 478 1193 sumta¹)
512 1157 608 1188 sunt,
644 1149 838 1193 depromtas
872 1161 889 1180 e
915 1147 1054 1180 diversis
1085 1147 1190 1179 inter-

46 1220 181 1257 pretum
227 1210 495 1255 expositionibus
541 1210 722 1255 particulas
763 1209 946 1257 conjecisse
987 1208 1184 1251 Origenem‚

47 1286 124 1307 cum
147 1273 182 1305 in
206 1271 246 1305 iis
271 1272 391 1317 plenae
416 1271 508 1317 ipsae
532 1285 570 1305 ac
593 1272 742 1315 integrae
766 1271 1062 1317 interpretationes
1087 1271 1189 1304 habe-

46 1333 184 1368 rentur?
229 1334 307 1366 Non
339 1333 564 1379 posteriores:
604 1343 725 1379 utpote
756 1333 791 1366 in
825 1333 946 1379 quibus
979 1344 1078 1378 saepe
1112 1332 1190 1367 Ori-

48 1397 150 1440 genis,
175 1405 209 1429 et
232 1395 357 1429 alicubi
375 1396 476 1429 etiam
498 1395 710 1430 Constantini
734 1394 949 1441 imperatoris
967 1394 1098 1428 mentio
1116 1395 1185 1430 fiat.

137 1457 309 1493 Humiliae
345 1471 362 1491 a
386 1458 511 1491 Rufino
546 1467 580 1492 et
614 1457 828 1504 Hieronymo
862 1457 1038 1490 Tractatus
1072 1457 1190 1502 appel-

47 1523 169 1555 lantur.
212 1520 381 1566 Apologia
395 1519 566 1566 Pamphili
591 1533 609 1554 a
625 1520 749 1553 Rufino
776 1532 954 1553 conversa:
981 1520 1188 1565 »Praecipue

46 1597 127 1616 vero
161 1595 223 1629 per
247 1595 304 1615 eos
330 1583 527 1623 Tractatus,
564 1595 649 1628 quos
680 1595 767 1628 pene
798 1581 952 1627 quotidie
983 1581 1017 1615 in
1049 1582 1189 1616 ecclesia

45 1647 189 1679 habebat
214 1659 252 1679 cx
275 1655 442 1691 ternpore,
469 1659 552 1691 quos
578 1655 611 1678 et
636 1646 863 1678 describentes
880 1644 1002 1677 notarii
1019 1646 1061 1678 ad
1078 1645 1190 1680 moni-

46 1719 197 1742 mentum
228 1708 434 1754 posteritatis
464 1709 676 1741 tradebant.«
733 1708 962 1754 Hieronymus
993 1708 1067 1740 adV.
1095 1707 1188 1749 Vigi-

47 1772 205 1813 lanfium,
237 1772 333 1817 epist.
359 1772 432 1814 75.‚
471 1773 511 1804 de
545 1770 705 1804 Homiliis
739 1770 772 1803 in
808 1771 876 1803 Job
908 1770 1069 1814 loquens,
1107 1782 1187 1815 quas

47 1833 195 1867 Hilarius
219 1843 382 1867 verterat:
410 1834 503 1868 »Cur
526 1834 702 1868 Tractatus
728 1832 797 1879 ejus
822 1832 855 1865 in
878 1832 958 1874 Job,
983 1831 1104 1877 inquit,
1129 1832 1188 1864 de-

47 1896 190 1942 scriptos
220 1897 371 1930 habes?«
402 1906 435 1929 et
467 1897 501 1929 in
525 1895 740 1930 Praefatione
773 1896 815 1929 ad
839 1894 1006 1928 Homilias
1031 1893 1186 1936 Origenis

48 1960 82 1992 in
107 1960 298 1993 Canticum:
332 1959 424 1992 »Hos
449 1960 534 1992 duos
558 1959 751 1999 Tractatus‚
777 1971 862 2005 quos
885 1957 919 1990 in
943 1969 1075 1990 morem
1101 1969 1186 2002 quo-

50 2020 168 2054 tidiani
192 2020 321 2067 eloquii
344 2020 492 2066 parvulis
518 2020 626 2054 adhuc
653 2020 852 2054 lactantibus
878 2019 1081 2066 composuit,
1104 2019 1184 2052 fide-

49 2082 126 2116 liter
148 2082 249 2125 magis
273 2096 374 2128 quam
399 2091 515 2116 ornate
537 2082 777 2129 interpretatus
801 2096 920 2117 sumu<
948 2092 981 2117 et
1003 2082 1037 2116 in
1057 2082 1184 2114 Prooe-

49 2144 119 2178 inio
145 2144 372 2179 commentar.
397 2145 431 2178 in
465 2145 561 2190 epist.
592 2146 632 2179 ad
658 2145 767 2179 Galat.
803 2145 973 2192 »Scripsit
1006 2144 1093 2177 enirn
1124 2142 1184 2176 ille

149 2266 179 2315 ¹)
204 2266 267 2303 Ed.
293 2267 418 2305 Ruaei:
443 2277 595 2307 assumta.
