1422 2472
391 54 578 86 Apamam
602 62 671 85 PRO
696 52 874 84 Ortmann.
1141 53 1202 87 381

80 142 168 174 salva
193 152 387 187 permanet,
418 144 460 176 de
492 152 598 175 terrae
630 143 769 186 pulvere
800 139 1002 173 suscitantur
1023 152 1041 172 a
1065 142 1206 174 mortuis

80 215 117 235 ex
145 203 300 237 omnibus
325 204 408 237 locis
432 204 474 243 ii,
503 203 622 248 quibus
655 202 740 235 ratio
771 201 828 234 illa
858 200 1059 233 substantiae
1083 215 1207 247 corpo-

79 264 157 296 ralis
181 265 213 297 in
238 265 318 310 ipsis
342 265 541 310 corporibus
565 265 792 310 permanebat,
816 276 900 308 quae
923 262 956 295 in
981 271 1103 296 terram
1126 277 1207 309 pro-

80 325 171 370 lapsa
194 326 262 359 Dei
291 327 462 359 voluntate
494 326 614 359 iterum
632 327 662 370 ¹)
693 325 905 358 suscitantur.
952 324 995 357 Et
1027 325 1092 357 hoc
1122 326 1209 358 arbi-

79 396 152 419 tror
173 400 317 420 asserere
343 389 511 421 volentem
529 389 730 433 Apostolum
744 388 779 431 ²)
804 386 923 419 dixisse
949 386 980 419 in
1005 386 1114 431 prima
1137 387 1206 432 epi-

79 448 165 480 stola
177 449 219 481 ad
240 448 445 489 Corinthios,
469 460 547 494 post
559 449 592 493 ³)
617 449 834 482 assertionem
848 448 1102 481 resurrectionis
1119 462 1208 481 mor-

78 519 225 543 tuorum.
273 512 357 544 Nam
384 525 459 543 cum
483 511 715 556 proposuisset
738 510 800 542 sibi
827 522 875 549 ea,
901 522 985 554 quae
1004 519 1141 553 possent
1167 511 1208 542 ab

79 571 152 604 aliis
185 571 287 616 objici
319 573 360 604 de
392 572 637 605 resurrectione
662 581 894 611 mortuorum,
917 571 964 603 sic
989 571 1053 604 ait:
1090 572 1157 604 Sed
1174 571 1208 615 ο)

78 633 162 666 dicit
191 633 328 678 aliquis:
363 634 538 678 quomodo
572 642 746 675 resurgunt
781 632 933 666 mortui?
980 631 1061 675 Quo
1095 642 1206 664 autem

77 707 222 739 corpore
246 695 408 729 veniunt?
424 696 457 739 ⁵)
481 695 610 734 Stulte,
641 704 676 726 tu
701 695 792 738 quod
817 693 976 732 seminas,
1008 706 1075 725 non
1101 693 1207 725 vivifi-

79 767 181 797 catur,
205 756 268 790 nisi
293 756 383 801 prius
409 756 589 789 moriatur:
623 756 700 799 et⁶)
726 755 818 799 quod
843 754 1003 795 seminas,
1038 767 1106 787 non
1134 768 1208 787 cor-

78 832 151 863 pus,
176 818 268 863 quod
293 819 441 851 futurum
466 827 526 858 est,
549 817 708 856 seminas,
742 817 799 848 sed
825 816 952 847 nudum
977 828 1130 857 granum,
1171 829 1207 850 nt

77 889 158 924 puta
183 878 297 920 tritici,
321 888 378 912 aut
402 879 542 924 alicujus
567 888 768 911 ceterorum.
822 877 914 910 Deus
939 887 1049 910 autem
1075 879 1132 911 dat
1156 879 1206 911 illi

78 954 202 986 corpus
224 950 328 986 prout
342 941 375 985 ⁷)
401 941 519 974 voluit.
567 941 652 974 Cum
678 940 767 972 enirn
792 939 1012 984 manifestess)
1043 940 1208 973 osu-ndis-

78 1084 141 1110 etc.
189 1073 257 1107 Sed
282 1073 361 1105 mss.
393 1082 430 1105 ut
463 1073 495 1105 in
527 1083 636 1114 textu,
667 1073 729 1106 nisi
756 1073 847 1117 quod
872 1072 1025 1117 plerique
1051 1074 1206 1106 omittant

82 1120 154 1159 »ii,«
181 1128 256 1151 ante
284 1117 455 1162 »quibus.«
484 1119 522 1152 R.

172 1175 205 1218 ¹)
230 1174 485 1207 Genebrardus:
514 1183 566 1206 »et
589 1174 710 1206 iterum
736 1172 983 1205 resuscitantur.
1008 1173 1056 1205 Ex
1075 1173 1138 1205 boc
1155 1186 1206 1205 ar-

76 1221 203 1254 bitror«
230 1228 291 1251 etc.
339 1219 408 1252 Sed
433 1220 514 1254 Mss.
546 1228 582 1251 ut
612 1219 647 1251 in
671 1228 772 1251 textu.
799 1219 837 1250 R.
865 1239 903 1243 —
938 1218 1023 1251 Edd.
1051 1219 1097 1251 M.
1126 1219 1205 1251 »iu--

76 1279 150 1299 rum
175 1263 422 1298 resuscitantur.
470 1264 514 1297 Et
538 1264 601 1296 hoc
625 1265 789 1296 arbitror«
817 1273 880 1296 etc.

168 1321 203 1365 ²)
227 1319 305 1352 Edd
338 1319 386 1352 M.
415 1319 554 1352 „dixisse
579 1320 793 1365 Apostolum.
798 1333 813 1347 u

167 1377 213 1428 ³)
227 1375 319 1408 Editi
345 1376 391 1419 (v.
417 1388 443 1409 c.
470 1376 545 1408 edd.
571 1376 637 1419 Μ.)
669 1375 771 1409 »Post
800 1375 1016 1408 assertionem
1043 1374 1130 1407 enim
1155 1388 1204 1407 re—

76 1420 292 1456 surrectionis
317 1429 548 1461 ηιοιῑυοτιιῐῃ,
583 1434 657 1453 cum
689 1421 950 1473 proposuissen-
968 1431 1029 1453 etc.
1078 1420 1204 1453 Omnts

80 1469 158 1500 Mss.
195 1465 301 1498 nostri
331 1465 490 1498 omittunt
523 1466 648 1506 neuim,
659 1482 675 1496 «
715 1476 792 1510 post
820 1466 1077 1498 »assertionem
1071 1481 1086 1495 ‹
1136 1467 1203 1498 Sed

78 1526 156 1545 mox
190 1511 275 1543 Cod.
307 1511 515 1543 sorbonicus
546 1511 662 1543 habet:
697 1513 800 1543 „Nam
834 1524 908 1543 cum
941 1510 1199 1555 pr‹›po>zuisset,·‹

78 1558 163 1592 Cnd.
193 1555 447 1588 Vallis—Clarae:
477 1556 566 1599 »Qui
593 1569 666 1588 curn
693 1556 967 1600 p1·op0suissct;«
996 1555 1098 1587 reteri
1125 1556 1203 1588 Mss.

78 1602 238 1635 omittunt
264 1601 399 1640 »Nam,«
434 1602 483 1633 vel
524 1601 643 1644 »Quia«
673 1602 711 1633 ll.
738 1623 777 1627 —
805 1601 874 1636 Csr.
900 1602 951 1633 ed.
975 1610 1077 1633 nostr.
1103 1600 1202 1635 Τοηι.

77 1648 188 1681 XVll.
213 1658 284 1690 pag.
308 1646 362 1680 56.

168 1703 204 1746 ⁸)
231 1701 337 1735 Codd.
363 1701 589 1741 sorbonicus,
624 1711 656 1734 et
681 1701 808 1734 Montis
832 1702 865 1734 S.
893 1701 1080 1733 Michaelis:
1116 1701 1203 1734 »Sc-d

78 1749 167 1781 dicet
190 1745 343 1791 aliquis,«
394 1746 504 1779 Ceteri
531 1759 631 1786 vern,
663 1756 695 1779 et
727 1746 808 1778 editi
843 1749 889 1788 (v.
923 1761 949 1778 r.
975 1746 1048 1778 edd.
1078 1747 1139 1790 M.)
1166 1757 1202 1778 ut

80 1794 113 1826 in
138 1802 240 1827 textu.
263 1792 303 1824 R.
330 1811 369 1816 —
391 1792 460 1825 Cfr.
487 1793 497 1823 l
526 1791 604 1824 Cor.
628 1792 704 1831 XV,
728 1791 870 1826 35-38,

171 1849 205 1892 ⁵)
229 1847 317 1881 Edd.
338 1847 385 1880 M.
414 1847 599 1880 »venient«
627 1868 668 1872 —
695 1848 763 1881 Csr.
781 1848 831 1880 ed.
851 1856 953 1879 nostr.
979 1847 1201 1880 Tomxvtt.

77 1907 150 1940 pag.
174 1893 229 1927 56.

169 1950 203 1993 ⁶)
229 1948 314 1981 Edd.
341 1949 386 1981 M.
416 1958 468 1981 »et
501 1950 580 1993 quid
611 1949 776 1982 seminas?
814 1961 879 1981 non
920 1949 1011 1992 quod
1051 1949 1201 1980 futurum

79 2004 127 2028 est
151 2007 272 2038 corpus
296 1993 447 2033 seminas,
471 1995 547 2027 sed«
579 2003 641 2028 etc.

169 2050 203 2094 ⁷)
228 2050 276 2083 lta
302 2050 381 2082 Mss
413 2051 585 2095 plerique:
620 2060 650 2083 et
681 2050 724 2082 ita
758 2050 932 2092 legendum
960 2048 1090 2080 videtur
1114 2046 1202 2091 juxta

77 2096 226 2128 Graecos
250 2095 444 2139 scripturae
469 2109 576 2128 sacrae
604 2095 764 2134 Codices,
795 2107 937 2139 quorum
969 2093 1121 2137 plerique
1147 2093 1202 2123 lm-

78 2142 173 2173 bent:
198 2142 357 2183 ἠθέλησε.
405 2140 516 2173 Ceteri
534 2142 612 2174 Mss.
639 2150 671 2174 ct
695 2140 776 2173 editi
800 2142 849 2183 (v.
874 2153 901 2172 c.
920 2139 993 2171 edd.
1012 2139 1075 2180 M.)
1103 2151 1202 2181 »pro-

78 2195 112 2218 ut
139 2186 237 2224 vult,«
265 2186 304 2218 al.
329 2185 458 2218 Graece
485 2190 589 2221 Seleu.
614 2187 653 2222 R.

168 2243 201 2285 ⁸)
226 2241 315 2274 Editi
348 2243 392 2285 (v.
419 2255 445 2273 c.
471 2243 545 2275 edd.
572 2243 637 2286 M.)
671 2240 956 2274 »manilestissinw
992 2238 1200 2279 ostendisset,
