1422 2472
369 112 684 147 Omozmfflouum
711 110 823 145 Lmen
836 110 899 145 111.
1105 109 1170 146 129

34 214 171 248 quoque
197 202 340 236 edidisse
366 213 442 234 eum
475 200 577 234 tradit
609 201 767 234 Rufinus:
785 201 815 246 ¹)
849 200 906 233 sed
937 199 970 232 in
994 211 1098 232 unum
1123 198 1169 231 ita

35 276 112 297 cum
135 263 296 297 Homiliis
320 263 480 309 permista
506 272 582 296 sunt
606 263 646 295 ab
679 263 745 295 hoc
776 262 920 304 Rufino,
953 273 1028 294 cum
1053 260 1170 293 Latine

31 334 173 372 utraque
199 335 394 372 exponeret,
417 336 455 359 ut
477 338 541 371 pro
569 326 690 358 eodem
715 325 832 358 haberi
856 333 1009 369 possent:
1037 323 1171 367 »Quae-

33 401 182 434 cunque,
212 388 339 434 inquit,
380 388 415 421 in
444 389 673 421 Numerorum
706 387 816 429 lIbro,
847 386 917 419 sive
947 384 1170 419 Homiliatico

31 451 130 490 stilo,
160 451 230 484 sive
256 451 355 484 etiam
381 463 419 484 ex
442 450 504 491 his,
530 463 614 495 quae
638 449 806 495 Excerpta
829 448 1066 494 appellantur,
1089 446 1171 480 scri-

31 523 90 558 pta
113 513 311 559 reperimus,
335 514 418 547 haec
441 522 643 559 perurgente
668 522 701 545 te
725 512 898 552 Romana,
921 519 959 543 ut
981 509 1170 555 potuimus,

32 587 117 609 voce
151 589 189 609 ex
220 575 360 610 diversis
390 576 424 608 in
454 588 560 608 unum
585 575 741 608 ordinem
767 574 912 607 collecta
939 572 1167 615 digessimus«

30 638 263 684 Hieronymus
299 638 334 671 in
376 637 658 683 interpretatione
692 635 915 669 duodecimae
947 635 1103 678 Origenis
1134 635 1169 667 in

28 701 213 735 Jeremiam
237 701 408 734 Homiliae
431 710 530 734 notat
562 701 604 733 de
635 699 900 733 sacerdotalibus
923 696 1172 731 benedictioni-

29 765 93 798 bus
116 764 356 798 Adamantium
386 763 590 797 disseruisse.
636 761 732 796 Nihil
762 770 875 795 autem
906 760 1104 807 hujusmodi
1135 760 1171 793 in

29 827 206 861 Rufiniana
233 815 438 861 collectione
467 834 652 872 comparet.
698 824 806 868 Igitur
821 823 876 857 vel
900 823 1069 857 Homilias
1092 823 1170 857 istas

29 903 94 937 pro
121 889 365 924 consuetudine
389 903 447 923 sua
472 888 662 923 decurtavit
693 897 726 921 et
757 885 979 932 interpolavit
1007 886 1170 930 Rufinus;

31 954 85 986 vel
100 955 135 999 ²)
160 953 291 1000 aliquae
314 951 380 999 jam
405 951 511 998 ipsius
535 960 642 985 aetate
668 950 871 984 exciderant.

120 1016 202 1051 Sese
227 1015 409 1062 aliquando
434 1015 470 1047 in
490 1012 802 1047 Deuteronomium
828 1010 1023 1045 disseruisse
1049 1011 1169 1054 Orige—

30 1091 89 1111 nes
121 1078 269 1112 declarat
299 1077 403 1111 Hom.
429 1077 524 1109 VIII.
559 1075 593 1108 in
625 1076 706 1108 Luc.
745 1073 904 1106 Eundem
929 1086 1010 1107 vero
1043 1074 1167 1108 librum

31 1139 288 1185 explanaturum
303 1152 338 1173 se
355 1139 501 1172 affirmat
524 1138 625 1170 Tom.
642 1135 788 1169 XXXII.
812 1134 846 1167 in
859 1135 982 1169 Joann.
1007 1148 1098 1169 num.
1114 1137 1168 1171 11.

31 1201 123 1236 Octo
155 1201 190 1234 in
215 1214 292 1235 eum
316 1200 484 1234 Homilias
515 1198 672 1241 Origenis
703 1206 950 1230 commemorat
987 1189 1169 1231 Cassiodo-

30 1277 86 1298 rus
112 1263 188 1297 iibr.
213 1264 255 1298 de
287 1262 431 1296 institut.
464 1261 566 1295 divin.
600 1260 795 1306 scriptur-ar.
830 1272 903 1304 cap.
929 1259 959 1293 1.
1009 1260 1168 1306 »Reliqui

31 1326 133 1359 etiam
157 1325 254 1359 vobis
278 1325 313 1358 in
329 1323 640 1358 Deuteronomium
663 1335 836 1356 sermones
861 1331 939 1355 octo
967 1321 1169 1369 (Origenis,)

30 1388 66 1422 in
90 1388 211 1434 quibus
236 1398 287 1421 est
309 1388 438 1420 minuta
461 1386 562 1420 nimis
594 1395 627 1419 et
659 1384 792 1419 subtilis
824 1383 1025 1430 expositi0.«
1074 1385 1171 1418 Rufi-

29 1464 92 1485 nus
122 1451 157 1484 in
181 1450 334 1494 Prologo
367 1451 409 1483 ad
439 1449 636 1483 Ursacium:
678 1449 776 1482 »Jam
809 1447 900 1481 enim
930 1460 968 1480 ex
999 1448 1167 1488 omnibus,

30 1526 115 1559 quae
138 1513 173 1546 in
197 1514 284 1555 Lege
309 1512 433 1558 scripta
456 1511 590 1557 reperi,
613 1512 726 1552 solae,
749 1520 788 1543 ut
811 1519 914 1555 puto,
939 1510 974 1542 in
998 1510 1168 1544 Deutero-

29 1575 147 1608 nomio
175 1575 296 1608 desunt
317 1575 566 1608 oratiunculae:
599 1587 679 1619 quas
711 1573 739 1606 si
768 1572 938 1605 Dominus
962 1571 1103 1618 juverit,
1135 1583 1169 1606 et

29 1637 204 1671 sanitatem
229 1637 364 1670 dederit
381 1637 501 1679 oculis,
528 1636 682 1682 cupimus
699 1634 833 1680 reliquo
849 1634 988 1679 corpori
1005 1634 1166 1669 sociare«

27 1699 138 1733 Porro
176 1709 385 1733 memoratos
423 1700 457 1732 in
493 1698 759 1732 pentateuchum
805 1697 935 1731 Tomos
969 1697 1170 1740 significavit

30 1840 252 1874 Cassiodorus
276 1840 335 1874 lib.
363 1841 405 1874 de
429 1840 573 1876 institut.
610 1840 713 1875 divin.
746 1838 837 1873 liter.
863 1851 934 1884 cap.
962 1838 994 1873 1.
1041 1838 1167 1872 Verum

27 1886 191 1919 XXVIII.
215 1895 347 1919 tantum
372 1886 476 1920 hodie
500 1896 692 1931 supersunt.
716 1885 757 1919 R.

124 1942 157 1987 ¹)
183 1942 256 1975 Csr.
281 1942 424 1976 Rufinus
448 1943 586 1986 Prolog.
611 1940 742 1976 Homil.
768 1939 906 1983 Origen.
930 1939 965 1972 in
990 1941 1170 1981 Numeros,

119 1998 153 2040 ²)
178 1997 254 2039 Vel,
278 2000 371 2044 quod
395 1999 612 2033 verisimilius
639 2007 698 2040 est,
724 1999 765 2031 de
783 1997 1047 2032 sacerdotalibus
1066 2000 1170 2032 bene-

30 2041 234 2076 dictionibus
257 2044 416 2078 disseruit
441 2045 605 2088 Origenes
638 2045 671 2077 in
705 2044 866 2077 alterutra
899 2055 916 2075 e
943 2043 1070 2078 duabus
1095 2045 1168 2077 Ho-

29 2086 131 2139 miliis
156 2087 360 2132 deperditis,
390 2103 476 2136 quae
506 2103 686 2124 numerum
722 2089 902 2134 explebant
933 2087 1066 2129 trigInta
1097 2090 1169 2122 Ho-

27 2132 218 2173 mllnarum,
249 2147 329 2179 quas
360 2136 445 2169 vidit
469 2135 700 2170 Cassiodorus.
740 2133 892 2167 Humilia
915 2133 1022 2167 XXV.
1049 2135 1082 2166 in
1108 2136 1169 2167 Jo-

30 2186 88 2210 sue
113 2190 203 2211 num.
229 2179 260 2212 1.
286 2181 367 2214 citat
390 2181 554 2223 Origenes
578 2179 749 2215 Humilias
773 2179 809 2212 in
834 2180 1013 2219 Numeros,
1040 2189 1073 2211 et
1097 2179 1170 2211 Ho-

28 2223 133 2256 miliis
158 2223 192 2256 in
217 2222 386 2258 Numeros
409 2227 490 2260 XII.
516 2239 609 2262 num.
636 2228 664 2262 1.
690 2235 723 2259 et
747 2224 890 2257 XXVII.
916 2236 1006 2257 num.
1033 2224 1063 2258 9.
1090 2225 1169 2257 citat

29 2268 217 2301 Humiliam
240 2269 334 2304 XIII.
358 2270 394 2303 in
419 2271 579 2312 Genesin,
605 2281 638 2304 et
662 2271 802 2305 alteram
829 2269 996 2313 quandam
1023 2268 1055 2301 iu
1081 2269 1170 2301 Exo-

30 2314 120 2347 dum.
146 2313 186 2349 R.

78 2375 256 2409 Omezms
282 2374 421 2410 Omns.
448 2374 543 2410 Tom.
570 2377 693 2409 XXIV.
949 2374 971 2409 9
