1413 2482
183 96 228 129 93
526 96 637 128 Pmu
664 96 836 129 omnus
862 97 993 130 Huss'rn

189 194 369 218 monstrat:
396 198 495 230 quam
522 187 567 218 ob
591 200 661 218 rem
688 186 803 218 Patres
829 186 1004 225 hortatur,
1036 196 1071 219 ut
1098 187 1218 221 deliria
1245 188 1332 233 ejus-

191 247 298 287 modi,
323 260 387 279 una
414 260 489 279 cum
513 247 680 290 Origene,
711 247 850 293 ejusque
872 247 1090 292 sequacibus.
1119 250 1329 283 anathemate

193 310 349 342 obterant
409 307 543 352 Quibus
574 309 722 354 acceptis
754 308 877 348 literis,
913 309 1030 342 Patres
1060 311 1210 344 unanimi
1249 325 1330 344 con-

189 383 288 404 sensu
314 369 463 414 paruisse
487 370 624 415 subjicit
648 372 786 403 demum
813 370 994 404 Cedrenus.

281 432 375 465 XVI.
429 432 475 465 Ita
500 433 686 478 profligatis
711 428 980 474 Origenistarum
999 435 1110 474 rebus,
1136 434 1329 480 quicunque

191 494 348 528 factionis
375 493 470 540 hujus
502 494 621 527 affines
651 504 756 534 erant,
782 508 798 526 e
824 495 931 528 Sabae
969 495 1085 528 Lauris
1116 505 1195 529 sunt
1219 495 1329 542 ejecti,

190 557 224 590 in
251 570 372 601 easque
396 570 528 589 rursum
554 556 736 589 orthodoxi
763 556 878 589 Patres
902 557 1096 599 migrarunt.
1132 558 1222 590 Tum
1248 571 1333 590 vero

191 620 232 652 ab
258 618 450 651 haeresibus
483 628 515 651 et
546 628 740 663 temporum
774 619 975 651 difficultate
1006 619 1195 652 Palaestina
1225 620 1332 664 respi-

190 682 286 720 ravit,
311 694 388 714 cum
411 681 569 713 adversus
594 678 817 723 Oecumenici
843 680 990 713 Concilii
1013 682 1247 714 auctoritatem
1274 682 1332 714 de-

191 743 308 788 inceps
332 743 456 775 mutire
481 741 533 774 vix
558 742 698 775 auderet
713 741 902 787 quisquam.
943 743 1042 776 Unde
1066 743 1100 776 in
1124 753 1250 776 tantam
1277 756 1334 775 ve-

192 806 243 838 nit
267 805 373 838 totius
399 804 548 838 Orientis
572 804 735 837 invidiam
761 804 918 847 origenis
949 818 1074 838 nomen
1104 818 1142 838 ac
1165 804 1332 844 doctrina,

190 877 229 900 ut
251 867 424 912 hodieque
457 866 690 899 ecclesiasticis
722 866 852 909 legibus
883 868 974 912 apud
1008 867 1158 901 Graecos
1189 866 1331 900 vetitum

192 942 263 963 esse
288 930 409 969 ferant,
433 942 476 961 ne
501 929 575 973 quis
600 942 705 973 opera
729 929 833 973 ipsius
858 929 1043 971 describat;
1075 929 1131 974 qui
1160 943 1256 963 secus
1281 930 1330 962 fa·

190 991 248 1030 xit,
274 991 362 1022 hunc
388 1000 478 1023 extra
503 990 663 1023 ecclesiae
690 991 969 1024 communionem
994 988 1063 1024 esse
1087 991 1204 1036 juberi,
1253 992 1328 1024 Ma-

191 1065 294 1094 gnum
320 1062 401 1085 tunc
437 1061 508 1084 erat
537 1051 571 1084 in
603 1051 744 1085 ecclesia
770 1053 963 1086 Cassiodori
988 1066 1132 1093 nomen,
1169 1053 1262 1099 cujus
1287 1054 1329 1086 de

192 1116 341 1158 Origene
365 1114 584 1154 sementiam,
617 1124 696 1158 post
720 1115 807 1147 latos
831 1128 848 1147 a
874 1115 1252 1160 Constantinopolitana
1274 1128 1332 1160 sy—

191 1178 285 1209 nodo
311 1178 346 1209 in
372 1190 448 1209 eum
481 1176 797 1218 anathematismos,
825 1177 987 1210 sciscitari
1024 1190 1148 1222 operae
1179 1178 1329 1223 pretium

192 1249 253 1273 est.
303 1240 340 1272 In
366 1239 455 1271 libro
480 1239 593 1283 itaque
617 1239 659 1271 de
691 1239 909 1273 Institutione
934 1239 1124 1273 divinarum
1148 1239 1334 1285 scriptuta-

190 1315 266 1334 rum
290 1301 372 1334 talia
396 1302 437 1333 dc
463 1314 505 1333 eo
531 1300 665 1334 scribit:
690 1301 876 1334 multorum
904 1301 1014 1345 ipsum
1032 1301 1171 1334 Patrum
1196 1311 1330 1334 senten-

189 1363 238 1396 tia
266 1363 474 1396 haereticum
505 1363 688 1403 declarari,
720 1373 754 1395 et
784 1377 801 1396 a
833 1362 958 1404 vigilio
990 1362 1083 1407 Papa
1113 1363 1226 1396 denuo
1259 1375 1333 1396 esse

190 1426 408 1466 damnatum3
431 1437 555 1469 nempe
579 1437 641 1469 per
665 1425 908 1464 Constitutum‚
931 1433 969 1456 ut
992 1424 1156 1469 suspicari
1181 1426 1272 1466 licet,
1296 1425 1331 1458 in

191 1500 264 1520 eam
290 1500 360 1519 rem
386 1486 559 1531 speciatim
579 1486 807 1531 publicatum:
832 1486 1064 1530 Theophilum
1083 1487 1216 1529 triginta
1233 1487 1330 1533 quin-

192 1562 256 1594 que
294 1548 399 1593 ipsius
436 1562 566 1581 errores
595 1548 820 1591 redarguisse:
860 1561 981 1590 magno
1021 1548 1056 1581 i'n
1093 1562 1170 1581 eum
1206 1550 1331 1583 dolore

190 1610 423 1655 Epiphanium
447 1611 689 1644 succensuisse:
716 1610 862 1643 maxime
885 1611 921 1644 in
946 1624 986 1643 eo
1013 1611 1158 1654 legendo
1182 1613 1330 1657 proban—

191 1673 268 1705 dam
294 1674 454 1715 regulam,
479 1686 564 1718 quae
589 1674 631 1705 ab
656 1672 867 1718 Hieronymo
898 1672 931 1705 in
957 1673 1052 1717 epist.
1079 1674 1120 1706 ad
1147 1674 1330 1719 Tranquil-

192 1733 299 1766 linum
324 1735 503 1779 proposita
528 1744 586 1768 est.
634 1735 822 1768 Florebant
859 1735 947 1767 circa
977 1735 1062 1768 hanc
1090 1744 1330 1781 tempestatem

192 1795 386 1829 Anastasius
410 1797 557 1838 Sinaha,
590 1807 624 1830 et
646 1798 795 1830 Joannes
820 1796 1060 1838 Scholasticus,
1088 1798 1143 1831 cui
1166 1811 1204 1830 ex
1228 1798 1330 1831 titulo

189 1857 281 1897 libri,
304 1858 402 1892 Scala
425 1858 607 1898 paradisii,
625 1858 783 1904 inscripti
797 1883 806 1898 ‚
828 1859 971 1893 Climaci
995 1869 1259 1902 cognomentum
1282 1861 1334 1892 se-

193 1928 328 1952 cerunt:
352 1920 476 1952 horum
500 1930 644 1966 uterque
669 1934 744 1963 erga
770 1921 972 1964 Origenem,
997 1921 1218 1966 Origenisque
1243 1935 1331 1955 asse—

194 1981 261 2013 clas
286 1980 373 2012 male
400 1982 540 2014 affectus
565 1983 639 2016 fuit.
687 1984 768 2016 Fuit
798 1984 884 2016 illud
916 1983 1015 2016 etiam
1049 1984 1090 2016 ad
1124 1984 1332 2026 origenista·

192 2056 268 2076 rum
300 2042 518 2076 minuendam
544 2045 826 2078 existimationem
857 2044 1133 2090 perappositum,
1171 2047 1264 2091 quod
1295 2048 1330 2080 in

192 2119 316 2138 novam
342 2105 493 2138 haeresin
525 2106 619 2150 lapso
652 2107 845 2140 Justiniano
877 2108 998 2141 assensi
1029 2119 1124 2150 sunt;
1153 2105 1333 2142 haere‘seos

193 2177 304 2200 autem
332 2167 422 2200 illius
447 2167 591 2212 capitale
618 2168 682 2200 hoc
709 2179 779 2202 erat
802 2170 940 2211 dogma:
965 2183 1088 2215 corpus
1108 2171 1231 2205 Christi
1249 2173 1329 2206 dum

193 2231 331 2272 agitaret
362 2230 482 2272 vitam,
511 2230 614 2263 nullis
644 2229 840 2272 affectibus,
879 2232 964 2265 nulli
998 2234 1181 2267 obnoxium
1214 2247 1331 2268 forru-

193 2292 305 2336 ptioni
329 2292 446 2325 fuisse:
473 2295 566 2337 quod
591 2307 666 2328 cum
701 2296 831 2329 calculo
866 2310 926 2329 suo
960 2298 1144 2340 probarent
1176 2296 1332 2339 origeni-
