1413 2482
197 98 263 133 400
525 97 559 129 S.
595 96 771 129 ΡΛΜΡιιιιι
803 96 992 130 ΜΛιιτγιυε

199 186 415 226 commiserit,
442 186 599 218 inseritur
622 187 803 227 interdum,
827 187 853 219 si
877 187 921 219 ita
940 186 1111 227 acciderit,
1136 199 1236 220 caeco
1254 199 1327 219 cor-

198 250 286 294 pori,
312 248 364 281 vel
380 248 411 292 ¹)
435 247 514 281 alias
539 248 662 281 debili:
693 248 777 281 aliae
803 262 882 281 vero
907 250 993 282 sanis
1019 248 1219 294 corporibus
1244 250 1326 292 ct‘2)

199 310 421 344 firmioribus:
446 318 479 342 et
502 310 576 343 aliis
599 310 736 354 quidem
761 310 905 343 multum
939 311 1025 344 vitae
1049 321 1184 356 tempus
1207 310 1327 343 tribui-

197 383 262 412 tur,
287 372 359 404 aliis
384 384 463 403 vcro
488 371 737 413 brevissimum,
761 373 806 405 ita
829 383 866 406 ut
890 373 1060 406 interdum
1084 373 1184 406 simul
1208 382 1247 405 ut
1270 385 1327 405 na-

197 444 250 467 tac
275 433 418 474 suerint,
448 434 666 467 exturbentur
697 447 714 466 e
745 447 906 480 corpore:
940 445 974 468 et
1003 435 1087 468 aliae
1118 435 1255 480 quidem
1285 435 1326 466 ad

195 496 484 530 conversationem
508 505 670 538 agrestem
695 497 862 541 quandam
887 507 920 530 et
943 498 1134 537 barbaram,
1164 506 1198 529 et
1209 496 1243 540 ³)
1268 495 1327 528 ubi

197 573 235 592 cx
258 559 353 591 nulla
376 558 461 591 nihil
486 557 622 590 humani
635 567 692 590 aut
707 558 839 592 honesti
863 569 923 600 est,
947 569 981 593 et
1004 572 1106 604 super
1130 558 1243 591 omnia
1265 558 1325 590 ubi

195 630 354 666 paternae
368 619 614 665 superstitionis
627 620 659 664 ³)
680 619 833 665 impietas
847 622 988 662 obtinet,
1013 620 1217 664 diriguntur:
1241 619 1326 652 aliae

197 697 277 716 vero
302 684 344 716 ad
369 682 458 715 viros
482 682 653 722 honestos,
676 682 819 724 sobrios,
842 683 1023 724 humanos,
1055 682 1113 715 ubi
1143 691 1178 715 et
1210 682 1325 714 huma-

195 759 310 778 narum
335 745 445 787 legum
471 744 661 776 observatio
687 744 791 786 viget:
823 744 993 778 interdum
1019 745 1118 778 etiam
1143 745 1183 777 ad
1209 756 1326 789 paren-

196 817 244 840 tes
268 807 460 849 religiosos,
484 806 543 838 ubi
568 806 724 838 educatio
749 796 872 839 nobilis
897 817 929 839 ct
954 807 1110 848 honesta,
1140 807 1199 840 ubi
1224 806 1323 838 etiam

194 869 341 902 eruditio
372 867 597 907 rationabilis,
628 868 906 901 transmittuntur.
956 868 1143 912 Quomodo
1176 867 1325 911 igitur5)

194 931 420 972 assertoresfi)
447 943 565 962 eorum
589 929 623 962 in
649 930 772 963 talibus
796 929 942 962 divinam
960 930 1209 974 providentiam
1234 939 1322 962 recte

194 993 307 1025 omnia
337 992 602 1036 dispensantem,
638 1001 672 1024 et
703 1004 807 1036 aequa
838 991 932 1024 lance
965 992 1216 1031 moderantem,
1251 1001 1323 1024 tan-

193 1054 339 1100 quam7)
371 1053 452 1086 boni
477 1062 509 1086 et
533 1053 610 1098 justi
634 1053 702 1086 Dei
725 1063 887 1098 poterunt
911 1053 1096 1096 assignare?
1141 1054 1215 1086 Jam
1241 1066 1320 1086 vero

192 1118 255 1157 illi,
279 1116 336 1162 qui
361 1129 399 1148 ex
423 1116 560 1148 traduce
584 1115 707 1148 animas
733 1115 846 1148 venire
870 1116 1050 1156 affirmant,
1074 1126 1108 1149 et
1119 1116 1219 1149 simul
1245 1129 1320 1149 cum

193 1178 365 1224 corporali
388 1191 442 1210 eas
465 1177 592 1210 semine
615 1177 789 1210 seminari:
812 1177 978 1222 siquidem
1005 1178 1058 1222 (ut
1080 1178 1216 1223 quidam
1229 1178 1321 1223 ipso-

192 1255 267 1274 rum
298 1241 465 1273 affirmare
494 1239 620 1283 solent)
652 1252 720 1271 non
733 1239 766 1284 Θ)
799 1239 889 1272 aliud
920 1239 1037 1272 dicunt
1074 1240 1218 1273 animam
1250 1253 1319 1273 esse

192 1317 292 1349 quam
316 1301 576 1335 insufflationem
601 1301 748 1346 Spiritus
772 1301 855 1341 Dei,
885 1301 978 1334 illam
1002 1301 1150 1343 scilicet,
1174 1315 1274 1347 quam
1285 1303 1320 1346 ⁹)

288 1410 318 1454 ¹)
346 1409 422 1441 Mss.
449 1409 583 1453 quidam
610 1409 788 1442 mendose:
819 1409 894 1449 „vel
926 1408 1009 1441 aliae
1041 1409 1179 1441 debili.“
1210 1409 1250 1442 R.
1276 1428 1316 1434 -

192 1455 277 1488 Edd.
304 1455 351 1488 M.
376 1454 452 1494 „vel
477 1454 627 1499 alioquin
653 1454 791 1486 debili.“

283 1512 317 1555 2)
342 1510 434 1544 Editi
465 1512 512 1555 (v.
538 1523 564 1543 c.
591 1511 665 1543 edd.
690 1511 757 1555 M.)
788 1510 948 1554 pessime:
982 1510 1087 1550 „aliae
1120 1523 1199 1542 vero
1231 1510 1316 1543 sanis

190 1557 402 1602 corporibus,
425 1565 458 1588 et
482 1555 565 1588 aliae
590 1556 866 1606 infirmioribus.“
890 1557 930 1588 R.

281 1614 315 1656 3)
341 1613 409 1646 Sic·
428 1625 544 1645 omnes
574 1613 654 1646 Mss.
700 1612 794 1645 Editi
825 1625 904 1644 vcro
937 1612 982 1656 (v.
1008 1624 1037 1645 c.
1063 1612 1140 1646 edd.
1165 1613 1231 1656 Μ.)
1262 1622 1316 1652 „ct

189 1659 247 1691 ubi
271 1658 355 1691 nihil
381 1657 539 1690 humani“
564 1659 627 1691 etc.
652 1658 693 1690 R.

280 1716 314 1757 ⁴)
339 1714 394 1747 Sic
420 1727 536 1747 omnes
561 1714 639 1747 Mss.
690 1713 782 1746 Editi
808 1726 888 1746 vero
914 1715 961 1759 (v.
987 1726 1013 1746 c.
1041 1713 1116 1746 edd.
1143 1713 1208 1757 Μ.)
1242 1714 1314 1754 „in-

189 1759 410 1793 stitutionis.“
433 1760 474 1793 R.

280 1816 314 1860 5)
340 1815 517 1849 Omittitur
548 1815 581 1847 in
613 1814 769 1848 omnibus
801 1815 881 1848 Mss.
905 1813 1044 1854 nostris,
1073 1814 1131 1846 sed
1153 1823 1255 1848 exstat
1279 1814 1313 1847 in

187 1861 285 1895 editis
310 1862 356 1905 (v.
383 1874 410 1894 c.
434 1861 509 1894 edd.
534 1860 599 1904 M.)
624 1860 781 1902 ‚‚igitur.“
805 1861 845 1893 R.

277 1918 311 1962 6)
336 1917 425 1950 Edd.
448 1917 496 1950 M.
521 1917 774 1956 „assertiones.“

278 1973 313 2015 ⁷)
336 1972 428 2005 Editi
454 1973 500 2016 (v.
527 1985 553 2005 c.
579 1973 654 2005 edd.
680 1974 746 2015 M.)
771 1983 966 2017 perperam:
991 1981 1170 2016 „tanquam
1187 1973 1309 2005 bonam

187 2029 219 2053 ct
244 2018 320 2065 justi
343 2018 433 2051 Dei“
457 2028 518 2051 etc.
546 2019 584 2050 R.

278 2075 312 2118 ⁸)
337 2074 385 2106 Ex
409 2073 459 2107 his
483 2073 592 2106 verbis
617 2074 841 2119 Hieronymus
873 2073 930 2105 lib.
957 2073 996 2105 ΙΙ.
1028 2073 1183 2106 adversus
1214 2073 1308 2106 Rufi-

186 2134 266 2153 num
293 2120 425 2152 videtur
446 2132 612 2151 accusasse
637 2119 836 2161 Origenem,
872 2119 964 2162 quasi
997 2118 1118 2151 dixerit
1141 2118 1306 2163 Spiritum

185 2175 334 2198 sanctum
365 2178 432 2197 non
469 2166 510 2196 de
543 2165 659 2196 eadem
692 2164 797 2197 Patris
829 2164 976 2208 Filiiqne
1007 2176 1076 2195 esse
1111 2164 1308 2196 substantia.

183 2212 250 2244 Sed
277 2211 350 2243 vide
374 2209 639 2242 admonitionem
667 2219 815 2242 nostram
845 2209 877 2241 in
909 2210 991 2241 hanc
1014 2209 1181 2253 Pamphili
1215 2211 1308 2253 Apo-

186 2257 306 2299 1ogiam
331 2269 423 2288 num.
450 2256 479 2289 7.
505 2257 543 2289 R.

278 2314 311 2357 μ)
337 2313 420 2345 Εάἀ,
449 2312 494 2344 ΜΔ
523 2324 642 2356 „quam
662 2311 693 2343 iu
707 2311 824 2344 initio“
851 2321 912 2343 etc.
930 2332 969 2336 —
989 2309 1059 2345 Csr.
1076 2310 1196 2344 Genes.
1219 2309 1256 2350 ΙΙ,
1275 2310 1302 2344 7.
