1413 2482
205 74 272 109 256
538 76 651 109 Pss‘rm
677 76 852 110 Daunius
877 75 1008 110 flua-m

205 178 344 212 nymus,
381 174 414 197 et
443 164 604 204 photius,
643 164 768 210 quique
801 164 847 197 ita
878 164 1058 210 inscriptus
1088 165 1169 199 fuit:
1223 168 1285 205 Τίς
1319 164 1338 201 ὃ

209 225 411 272 σωζόμενος
434 223 620 266 πλούσιος.

297 289 372 320 Vll.
414 287 552 322 Scholia
585 288 618 320 in
646 287 846 321 Orationem
877 287 1113 329 Dominicam‚
1147 297 1180 322 et
1203 288 1342 323 Cantica

206 351 245 383 B.
266 349 422 392 Virginis,
447 350 641 390 Zachariae,
667 360 700 382 et
717 349 889 383 Simeonis
907 350 1038 384 Graece
1064 364 1142 384 cum
1165 363 1224 384 sua
1239 351 1343 384 inter-

206 411 399 457 pretatione
425 411 525 444 latina
557 411 665 444 edidit
689 412 874 445 Federicus
898 413 1087 452 Morellus,
1118 413 1180 446 sub
1205 412 1343 446 nomine

209 473 384 515 Origenis,
415 473 501 512 sive,
533 483 570 507 ut
601 473 672 518 ipse
705 474 882 518 apposuit,
913 475 1050 507 alterius
1076 474 1226 508 doctoris
1251 486 1345 519 συγ-

203 534 362 581 χρόνου,
397 548 501 579 caque
533 548 566 567 se
593 548 610 568 e
639 535 744 568 veteri
777 537 1007 582 manuscripto
1034 537 1162 570 Codice
1188 549 1226 569 ex
1252 535 1344 568 Italis

206 597 432 630 Bibliothecis
470 597 628 641 profecto
665 597 834 639 selegisse,
871 599 1104 643 exscripsisse,
1137 597 1345 631 transtulisse

209 660 369 692 declarat.
419 659 454 691 ln
480 658 554 703 ipso
580 659 798 692 Scholiorum
816 659 932 693 ‚titulo
958 661 1092 694 Graeco
1117 673 1242 694 nomen
1268 659 1346 693 Ori-

208 722 300 765 genis
324 721 523 765 neutiquam
549 721 713 761 offendas,
738 722 796 754 sed
822 723 907 756 illud
933 724 1112 756 duntaxat:
1135 721 1346 766 Ἀνωνὺμου

210 783 336 829 σχόλια
363 786 411 822 εἰς
435 782 545 828 εὐχὴν
570 781 757 827 κυριακήν.
784 780 905 817 vUnde
937 785 977 816 ab
1008 784 1083 829 ipso
1108 784 1259 818 Morelto
1284 795 1346 815 no-

209 858 286 878 men
313 844 468 887 Origenis
493 845 706 889 suppositum
730 845 896 890 suspicor.
942 846 1035 878 Bene
1062 859 1142 879 vero
1169 855 1227 884 est,
1252 844 1345 889 quod

210 909 349 941 Petrum
374 907 616 940 Laudicensem
642 907 831 950 legitimum
856 917 1029 941 auctorem
1056 921 1095 941 ex
1111 907 1346 941 Bibliothecae

210 969 349 1001 Patrum
375 969 488 1001 Tomo
520 969 634 1013 priore
666 970 919 1011 cognoscimus,
950 970 983 1002 in
1008 983 1076 1014 quo
1101 969 1238 1004 Scholia
1264 970 1346 1001 haec

211 1031 245 1063 in
272 1031 473 1064 Orationem
498 1031 715 1063 Dominicam
740 1032 857 1063 Latine
883 1044 1043 1064 conversa
1070 1045 1145 1064 cum
1169 1030 1236 1064 illis
1261 1030 1347 1064 Ger-

212 1092 302 1125 mani
332 1091 541 1136 patriarchae
575 1092 875 1138 Constantinopoli
906 1093 1085 1138 conjuncta
1116 1093 1149 1125 in
1180 1106 1283 1125 unum
1316 1101 1349 1124 et

212 1154 373 1199 permista
406 1153 631 1198 reperiuntur.
683 1155 787 1200 Atqui
821 1155 960 1188 Morelli
994 1155 1110 1189 Codex
1143 1155 1282 1188 Scholia
1314 1153 1347 1186 iu

213 1216 349 1250 Cantica
385 1215 496 1248 eidem
531 1216 719 1256 tribuebat,
758 1216 811 1249 cui
846 1226 878 1249 et
908 1217 1047 1250 Scholia
1078 1218 1112 1250 in
1145 1216 1346 1251 Orationem

214 1278 452 1319 Dominicam;
478 1287 511 1310 et
535 1278 570 1310 id
594 1279 797 1323 persuadere
822 1287 934 1323 potcst
958 1279 1026 1311 stili
1049 1279 1250 1311 similitudo.

305 1340 398 1372 Vlll.
442 1339 492 1372 Ad
524 1339 624 1372 finem
661 1340 826 1373 librorum
862 1342 945 1385 περὶ
976 1340 1099 1385 ἀρχῶν
1130 1339 1231 1373 attexi
1260 1339 1349 1372 solet

214 1402 362 1441 libellus,
387 1400 445 1446 qui
469 1401 669 1434 Lamentum
695 1401 851 1444 Origenis
875 1402 1078 1436 inscribitur.
1115 1401 1223 1448 Hujus
1247 1401 1348 1434 inter-

215 1463 440 1509 pretationem
465 1463 678 1509 Hieronymo
703 1463 822 1509 tribuit
848 1464 964 1498 Guido
990 1464 1180 1503 Carmenta,
1204 1463 1238 1496 in
1264 1463 1351 1495 Hae-

216 1526 280 1559 resi
309 1525 598 1567 origenistarum
631 1526 748 1558 tribuit
778 1536 810 1559 et
842 1527 947 1559 editio
981 1526 1138 1566 Merlini,
1169 1535 1202 1558 et
1233 1524 1351 1559 Codex

216 1602 316 1620 manu
344 1596 493 1620 exaratus
513 1587 749 1620 Bibliothecae
767 1587 901 1631 Regiae.
949 1588 1018 1621 Sed
1043 1597 1159 1620 contra
1176 1587 1351 1620 Erasmus:

220 1651 440 1682 „Lamentum
471 1650 554 1689 hoc,
586 1644 713 1694 inquit,
745 1663 807 1683 nec
842 1651 883 1682 ab
916 1650 1064 1692 Origene
1096 1649 1259 1694 scriptum
1293 1658 1352 1688 est,

218 1726 280 1745 nec
311 1713 352 1744 ab
383 1710 596 1757 Hieronymo
627 1725 778 1752 versum,
811 1713 869 1745 sed
903 1712 1096 1754 figmentum
1129 1720 1179 1744 est
1210 1710 1353 1756 alicujus

218 1774 365 1813 indocti,
398 1774 456 1818 qui
489 1773 658 1807 studuerit
688 1774 882 1819 hujusmodi
914 1774 1029 1807 colore
1055 1773 1239 1816 Origenem
1269 1774 1355 1806 insa-

218 1849 321 1869 mare.
368 1835 481 1868 Simili
517 1835 660 1868 artifieio
694 1836 857 1868 finxerant
882 1835 1059 1880 epistolam
1086 1835 1286 1882 Hieronymi
1312 1836 1354 1869 ti-

219 1900 309 1937 tulo,
342 1897 374 1929 in
407 1909 471 1941 qua
505 1897 722 1941 deplorabat,
755 1899 848 1941 quod
878 1897 1058 1942 aliquando
1093 1911 1168 1930 cum
1205 1898 1353 1940 Origene

219 1960 404 1995 sensisset.«
454 1958 498 1990 Et
523 1957 678 1991 Gelasius
702 1958 735 1990 in
755 1958 911 1991 Concilio
938 1959 1111 1991 Romano:
1139 1960 1270 2000 uLiber,
1295 1961 1353 2005 qui

220 2022 412 2068 appellatur
437 2020 477 2052 de
502 2020 714 2052 poenitentia
741 2019 907 2061 Origenis,
932 2021 1177 2067 apocryphus.«
1227 2022 1354 2056 Mirum

221 2086 335 2128 itaque
359 2083 428 2116 sine
454 2081 607 2114 falsitatis
638 2092 718 2114 nota
743 2095 760 2114 a
785 2082 970 2124 Theologis
1003 2082 1204 2127 quibusdam
1230 2083 1354 2117 librum

223 2148 310 2179 hunc
334 2156 575 2188 nonnunquam
601 2143 633 2175 in
659 2143 890 2178 testimonium
917 2145 1024 2185 citari,
1049 2154 1082 2177 et
1104 2144 1191 2177 inter
1213 2145 1356 2187 genuina

224 2207 381 2250 Origenis
414 2219 514 2251 opera
549 2219 566 2238 a
592 2205 773 2238 Vincentio
806 2206 1040 2239 Bellovacensi
1072 2206 1191 2252 reponi
1216 2207 1353 2251 Specnl.

224 2272 331 2303 doctr.
359 2270 433 2302 libr.
453 2269 578 2301 XVlll.
606 2281 674 2311 vap,
694 2268 745 2303 -13,
795 2269 859 2301 Hic
880 2282 958 2301 vero
985 2268 1124 2302 ridenda
1147 2277 1193 2301 cst
1213 2268 1356 2300 Hetero-
