1422 2472
346 63 658 95 ORIGENIANORUM
684 62 794 94 mez
812 61 872 93 111.
1112 61 1177 96 199

33 140 159 184 ‘tentia
208 151 454 190 Asteriscorum
472 150 622 190 inm-um,
648 151 840 190 obelorum,
865 150 1116 189 lemniscorum,
1142 159 1175 182 ct

45 213 377 259 hypolemniscorum
399 213 525 244 formas
551 222 647 245 notat
670 211 899 256 Epiphanius,
939 221 972 243 ct
997 211 1174 243 nominum

44 274 324 316 significatione53
357 274 615 318 muhumque')
652 274 800 314 fallitur,
841 286 917 305 cum
953 273 1174 306 vocabulum:

48 397 234 430 Asteriscus
266 398 307 429 ad
341 396 480 436 omissa,
514 408 597 440 quae
624 396 872 435 inserebantur,
904 396 1113 435 annotanda,
1145 405 1177 428 et

46 452 176 485 Obelus
200 454 241 485 ad
267 465 314 492 ea,
334 465 419 496 quae
443 453 687 491 redundabant,
712 451 902 496 jugulanda,
926 462 960 484 ut
987 452 1033 484 ait
1056 451 1179 483 Hiero-

46 521 182 553 nymus,
214 508 361 552 appositi
391 517 483 540 sunt:
522 507 568 540 ita
600 508 814 540 Lemniscum
847 507 1036 540 adhibitum
1067 507 1179 547 fuisse,

47 564 104 596 ubi
129 564 230 596 LXX.
250 564 449 607 interpretes
476 564 656 595 lectionem
682 564 820 607 quidem
844 563 1046 596 Hebraicaiu
1071 563 1180 606 expri—

46 621 201 660 mebant,
225 620 284 651 sed
308 632 377 652 non
401 619 445 651 ita
470 629 624 651 accurato
648 629 748 663 atque
775 618 948 651 distincte:
974 631 1057 663 quae
1084 631 1180 651 causa

47 684 134 716 erat,
159 684 198 707 ut
223 675 280 707 illa
305 675 340 707 in
366 684 456 707 textu
481 674 614 713 relicta,
640 675 871 718 altera‚·quae
895 674 1020 706 melior
1045 675 1181 706 videba-

46 740 110 772 tur,
136 743 174 762 ex
198 730 270 763 aliis
294 730 534 778 interpretibus
559 731 678 774 petita,
702 730 781 762 huic
806 729 1073 776 subjungeretur.
1112 731 1180 762 Ne—

46 799 111 830 que
136 786 226 818 enim
249 787 438 831 putandum
463 795 522 828 est,
549 786 732 828 Origenem
768 786 877 818 virum
909 787 1094 818 admodum
1127 799 1180 818 ac-

47 851 210 882 curatum,
235 842 292 887 qui
310 852 378 875 tam
398 842 578 884 diligenter
594 845 646 876 vel
663 842 840 883 levissima,
858 855 942 887 quae
960 843 1179 884 addebantur,

46 898 226 938 Asterisco,
252 908 286 931 et
311 912 395 944 quae
421 900 585 932 demenda
611 908 713 939 erant,
739 899 854 933 Obelo
879 900 1028 938 notabat,
1052 899 1179 931 nuUam

45 955 240 999 apposuisse
264 964 379 988 notam
408 955 448 988 iis
472 956 508 988 in
533 955 618 987 locis
643 968 720 988 sane
744 955 994 999 frequentibus,
1018 955 1095 994 ubi,
1127 968 1180 986 re-

48 1011 125 1042 licta
160 1010 268 1054 priori
304 1010 469 1050 lectione,
504 1024 628 1043 novam
663 1020 775 1043 tamen
812 1011 958 1043 addebat
994 1024 1032 1044 ex
1064 1011 1178 1055 aliquo

46 1067 270 1111 interpretum
295 1067 514 1103 desumtam,«
551 1067 698 1107 Deinde,
722 1068 826 1100 allato
844 1068 992 1111 quodam
1011 1067 1180 1111 exemplo,

46 1123 136 1155 unde
160 1123 359 1155 sententiam
383 1136 476 1155 suam
502 1123 696 1162 consu—mat,
717 1123 765 1155 sic
787 1123 1007 1167 prosequitur
1030 1122 1180 1154 eruditus

49 1178 115 1212 vir:
163 1178 375 1212 »Crederem
400 1178 703 1224 Hypolemniscum
735 1189 816 1211 tunc
847 1179 1041 1223 appositum
1065 1178 1179 1218 fuisse,

48 1248 124 1268 cum
160 1235 262 1268 lectio
295 1235 354 1267 illa
388 1243 523 1274 notata,
559 1235 770 1279 septuaginta
807 1234 1030 1278 interpretum
1068 1235 1180 1267 solum

47 1300 135 1331 erat,
159 1291 252 1336 quod
275 1304 344 1323 uno
369 1291 486 1323 subtus
511 1291 634 1323 lineam
661 1291 773 1335 posito
798 1299 926 1335 puncto
953 1290 1180 1333 indicabatur3

46 1347 259 1380 Lemniscum
277 1360 357 1378 vero
383 1360 459 1379 cum
485 1348 616 1379 duobus
632 1347 777 1391 punctis,
802 1347 938 1391 quando
961 1360 1029 1379 non
1047 1356 1180 1392 septua-

47 1403 137 1446 ginta
160 1413 309 1442 tantum‚
334 1404 392 1435 sed
419 1404 518 1436 etiam
546 1402 795 1436 Theodotionis
822 1412 921 1435 erat.«
971 1403 1012 1438 R.

141 1461 175 1504 ¹)
199 1460 332 1492 Ruaeus
357 1460 392 1492 in
417 1460 525 1492 notis:
567 1460 646 1492 »De
672 1459 768 1504 hujus
793 1458 939 1491 nominis
964 1467 1098 1503 etymo,
1130 1459 1179 1491 in-

47 1515 120 1560 quit
143 1516 187 1548 D.
206 1515 368 1547 Bernard.
394 1515 436 1547 de
454 1516 679 1548 montfaucon
704 1515 843 1554 ibidem,
869 1527 936 1558 quo
961 1527 1072 1557 supra,
1097 1514 1176 1559 quid

46 1572 166 1604 sentiat
188 1571 240 1603 vir
263 1570 507 1603 cruditissimus
530 1571 570 1604 B.
596 1571 736 1603 Moneta
759 1571 893 1614 paucis,
923 1579 961 1602 ut
985 1571 1027 1602 ab
1061 1583 1102 1603 eo
1126 1585 1178 1605 ac-

49 1629 142 1673 cepi,
177 1640 383 1671 expromam.
433 1627 624 1659 Athenaeus
655 1639 727 1670 pag.
752 1627 827 1659 200.
861 1627 912 1660 ed.
937 1627 1179 1668 Lugdunensis,

47 1684 81 1716 in
106 1684 239 1729 prolixo
266 1682 431 1715 Callixeni
456 1683 581 1727 Rhodji
616 1683 713 1721 loco,
745 1695 864 1714 vocem
889 1681 1101 1726 λιμνήσκοίς
1125 1684 1180 1717 ha-

49 1741 116 1780 bet,
140 1752 225 1784 quae.
248 1739 283 1771 in
308 1739 455 1780 margine
480 1739 526 1770 sic
551 1739 765 1770 emendatur:
792 1740 982 1782 λινίσκοις,
1008 1749 1108 1784 atque
1134 1740 1179 1773 ita

51 1796 132 1838 legit
160 1796 354 1828 Eustathius
392 1796 426 1827 in
459 1808 543 1828 vers.
565 1794 642 1828 570.
678 1793 754 1825 libri
780 1794 907 1827 XVIII.
939 1795 1084 1836 Iliados,
1119 1797 1178 1828 ubi

51 1852 138 1884 hunc
161 1852 270 1896 ipsum
303 1852 344 1883 ab
368 1851 542 1883 Athenaeo
568 1851 707 1882 allatum
742 1851 855 1882 locum
888 1851 1000 1883 refert.
1050 1853 1179 1885 Isaacus

51 1919 131 1939 vero
156 1907 372 1940 Casaubonus
397 1907 431 1938 in
455 1906 561 1946 notis,
586 1915 643 1938 aut
668 1910 897 1949 λημνίσκοις,
929 1915 986 1938 aut
1008 1911 1180 1947 λινίσκοις

54 1962 229 2003 legendum
256 1976 324 1996 esse
350 1963 448 2002 dicit,
479 1964 537 1995 sed
570 1972 723 1996 neutram
755 1963 852 1994 alteri
877 1962 1058 1995 lectionem
1085 1977 1179 2008 prae-

53 2018 141 2049 ferre
165 2018 273 2050 audet.
322 2019 459 2051 Certum
486 2029 535 2051 est
558 2029 687 2058 autern,
712 2032 831 2050 vocem
855 2021 1069 2063 λημνίσκος,
1095 2034 1179 2065 quae

53 2073 209 2118 primitus
243 2085 412 2115 angustam
446 2076 580 2108 fasciam
618 2075 842 2117 significabat,
874 2088 910 2107 ex
946 2088 1028 2107 voce
1058 2077 1177 2119 λῆνος,

42 2130 148 2168 dana,
181 2130 361 2163 derivatam
387 2143 474 2170 esse,
507 2131 584 2175 quia
607 2134 648 2164 ab
672 2132 745 2176 ipsa
772 2131 899 2173 origine
924 2132 1044 2164 fasciae
1068 2132 1180 2177 hujus-

54 2186 150 2218 modi
176 2186 290 2218 laneae
322 2195 426 2219 erant.
472 2187 560 2220 Hinc
586 2201 665 2220 vero
695 2187 894 2233 Syracusani
925 2187 1083 2228 singulari
1110 2189 1179 2220 for-

56 2241 215 2282 matione,
240 2241 318 2274 loco
334 2245 395 2276 τοῦ
413 2245 714 2286 lavicans-inserto
731 2257 770 2287 μ,
796 2244 949 2276 fecerunt
968 2245 1177 2287 λημνι’σκος;
