1413 2482
179 85 243 120 166
511 93 621 127 Pz‘riu
653 94 826 128 Danuvius
852 95 982 128 Hui-:Tu

175 175 202 208 si
227 177 364 222 quidem
390 182 587 226 frequenter
612 183 779 229 ejusmodi
805 194 989 217 occurrunt
1013 184 1237 218 additamenta
1263 185 1312 217 in-

177 247 375 283 terpretum,
401 257 479 276 suae
507 244 637 287 linguae
670 245 865 278 hominibus
897 245 1165 288 gratificantium.
1211 249 1311 289 Legat

179 300 237 344 qui
263 303 355 334 volet
386 299 536 348 pagellas
573 307 704 352 aliquot
737 321 754 340 a
796 308 920 340 Rufino
955 320 1149 349 conversas,
1186 309 1312 342 videbit

180 375 279 406 quam
303 377 405 409 saepe
430 368 601 401 mantissas
626 369 753 402 similes
779 371 820 403 de
845 382 907 402 suo
932 371 1082 403 accudat.

271 427 431 472 Amplior
471 440 520 463 est
562 441 657 464 vetus
701 431 937 477 interpretatio
985 431 1315 466 Commentariorum

182 486 338 529 Origenis
373 490 405 523 in
444 493 670 535 Matthaeum‚
695 507 795 538 quam
821 493 990 526 Graecum
1013 493 1122 526 ullum
1147 493 1319 538 exemplar

182 552 467 597 manuscriptum:
492 555 692 589 Holmiense
718 556 844 601 quippe
871 555 1042 596 omnium,
1072 568 1157 601 quae
1180 554 1319 600 quidem

182 611 224 643 ad
249 625 359 646 meam
383 617 598 659 pervenerint
622 618 789 658 notitiam,
814 618 1090 663 prolixissimum,
1113 631 1132 650 a
1156 615 1321 650 Matthaei

183 674 358 719 capite13ss
385 691 468 711 vers.
493 677 549 713 36.
573 680 614 711 ad
640 689 740 724 caput
757 680 814 723 22.
838 693 921 713 vers.
943 679 998 715 33.
1022 679 1188 725 pertinet:
1211 679 1321 724 prisca

183 745 297 768 autem
322 737 555 784 interpretatio
579 754 597 773 a
622 742 785 775 Matthaei
802 742 853 782 16,
882 742 933 777 13,
958 742 1093 774 initium
1118 742 1254 782 ducens,
1278 741 1320 774 ad

181 797 236 837 27,
260 798 313 833 66.
346 803 572 845 progreditur.
627 804 723 837 Hanc
757 803 1089 841 Commentariorum
1124 811 1255 847 partem
1286 801 1320 834 in

183 859 368 902 Homilias,
398 864 469 897 sive
499 865 676 899 Tractatus
700 866 754 901 35.
786 866 914 899 librarii
944 866 1032 898 male
1063 864 1175 897 feriati
1200 863 1322 896 divise-

183 931 271 956 runt.
319 925 504 960 Recentior
535 928 670 961 videtur
698 929 759 961 ista
792 927 912 961 divisio
939 926 1151 972 temporibus
1176 926 1322 959 Vincen-

184 983 222 1016 tii
253 985 525 1032 Bellovacensis3
562 991 689 1036 quippe
730 990 787 1036 qui
821 989 961 1035 Speculi
998 988 1206 1022 Doctrinalis
1243 988 1318 1020 libr.

184 1047 310 1082 XVIII.
337 1063 410 1095 cap.
435 1052 488 1087 43.
522 1052 625 1085 libros
651 1053 806 1095 Origenis
837 1065 895 1085 sua
919 1061 1027 1084 aetate
1051 1050 1245 1096 superstites
1270 1062 1321 1082 re-

188 1122 335 1152 censens,
361 1125 438 1145 cum
463 1126 521 1147 eos
546 1116 616 1147 fere
643 1126 900 1154 commemoret,
925 1113 982 1159 qui
1000 1113 1170 1158 hodieque
1194 1112 1226 1144 in
1252 1111 1322 1144 edi-

185 1171 278 1205 tione
304 1174 406 1208 latina
431 1187 646 1220 comparent,
680 1177 784 1209 libros
815 1176 846 1208 in
880 1176 1091 1209 Matthaeum
1122 1173 1236 1217 viginti
1267 1186 1322 1206 sex

185 1235 336 1277 assignat,
361 1248 530 1282 corrupta,
554 1249 591 1272 ut
616 1239 693 1279 dixi,
719 1238 921 1282 exemplaria
945 1247 1096 1279 secutus,
1128 1249 1212 1281 quae
1244 1235 1323 1268 toti-

186 1297 263 1329 dem
288 1311 352 1342 pro
378 1299 494 1340 viginti
519 1301 667 1347 quinque
684 1301 856 1334 notabant.
894 1299 1184 1344 interpretationis
1207 1307 1323 1330 auctu-

185 1374 256 1392 rem
281 1362 444 1405 assignare
468 1362 621 1407 proclive
654 1376 721 1395 non
749 1371 807 1396 est.
857 1361 1089 1405 Hieronymus
1113 1361 1146 1393 in
1170 1360 1321 1402 Prologo

186 1424 415 1458 Humiliarum
447 1424 603 1467 Origenis
634 1424 668 1457 in
702 1426 826 1457 Lucam
857 1423 973 1456 scribit.
1005 1436 1068 1455 nec
1100 1423 1221 1455 virium
1245 1435 1320 1454 sua-

186 1499 279 1526 rum,
312 1500 374 1519 nce
400 1487 478 1525 otii,
511 1499 571 1519 nec
601 1486 726 1519 laboris
751 1486 852 1519 fuisse
878 1485 994 1528 viginti
1019 1485 1167 1530 quinque
1191 1485 1322 1518 Tomos

185 1548 275 1581 illius
299 1549 332 1581 in
360 1550 585 1589 Matthaeum,
612 1549 758 1593 quinque
784 1548 815 1580 in
842 1549 984 1588 Lucam,
1018 1548 1149 1590 triginta
1176 1548 1261 1580 duos
1287 1545 1320 1579 in

183 1610 369 1652 Joannem,
408 1621 547 1653 rogante
583 1611 774 1650 Blaesilla‚·
792 1611 965 1642 Romanae
1006 1610 1135 1652 linguae
1178 1610 1319 1641 tradere.

186 1672 335 1705 Proinde
360 1675 481 1707 veteris
506 1673 792 1718 interpretationis
817 1673 850 1704 in
877 1673 1085 1705 Matthaeum
1110 1681 1228 1704 auctor
1252 1684 1320 1703 non

185 1742 234 1765 est
258 1734 500 1779 Hieronymus.
549 1736 690 1768 Minime
715 1747 792 1767 sane
817 1734 976 1767 audiendi
1007 1733 1116 1766 Josias
1147 1734 1321 1773 simlerus,

187 1804 219 1826 et
244 1796 420 1829 Conradus
444 1798 586 1838 Frisius‚
618 1798 663 1830 ita
687 1797 870 1829 scribentes
895 1797 927 1828 in
953 1796 1113 1840 Epitome
1139 1796 1321 1829 bibliothe-

188 1870 243 1889 cae
279 1858 516 1892 Gesnerianae:
553 1860 727 1901 »Origenis
760 1858 793 1891 in
828 1860 1036 1891 Matthaeum
1068 1858 1240 1891 Humili-ic
1265 1857 1318 1891 36.

186 1921 226 1952 ab
253 1920 462 1966 Hieronymo
488 1923 680 1961 translatae,
716 1922 802 1954 inter
828 1922 868 1952 D.
897 1919 1100 1963 Hieronymi
1125 1919 1240 1962 Opera
1264 1919 1320 1950 ha-

187 1983 349 2015 benturz«
392 1996 467 2016 nam
500 1997 608 2028 neque
645 1993 770 2015 exstant
803 1981 974 2015 Humiliae
1006 1981 1058 2015 36.
1099 1981 1254 2022 Origenis
1284 1981 1317 2013 in

188 2044 408 2084 Matthacum,
433 2047 490 2078 sed
516 2046 568 2081 35.
595 2047 770 2085 duntaxat3
794 2057 903 2088 neque
922 2056 1035 2075 earum
1055 2043 1219 2086 interpres
1237 2043 1318 2076 Hie-

187 2119 347 2153 ronymus
385 2108 556 2140 habendus
594 2117 658 2147 est3
703 2107 772 2139 imo
809 2106 1018 2150 Hieronymo
1055 2101 1316 2138 recentior'est.

189 2170 271 2202 Nam
297 2170 323 2202 si
348 2170 413 2216 jam
437 2170 617 2215 prodiisset
643 2169 711 2214 ejus
736 2178 854 2206 aetate,
880 2182 1000 2199 novam
1029 2167 1186 2200 Blaesilla
1213 2167 1317 2199 neuti-

187 2246 285 2276 quam
311 2233 527 2277 postulassct3
563 2246 623 2263 nec
658 2232 700 2263 im
725 2231 908 2274 scripsisset
936 2231 1161 2275 Hieronymus
1185 2229 1217 2261 in
1243 2228 1316 2272 epi*

186 2297 262 2328 stol.
290 2295 343 2327 (if).
371 2296 411 2328 :ul
435 2295 624 2328 Parnmaclr
654 2303 683 2325 ct
710 2294 834 2325 Οτι-πυ.
869 2306 939 2336 rap.
965 2294 995 2325 ⁴2.
1033 2292 1195 2324 »Centum
1221 2290 1316 2334 quin-
