1422 2472
374 90 690 124 Oniffl-:Nmnonum
714 89 827 122 Lim-:n
853 87 897 121 11.
1173 89 1195 122 9

55 182 88 213 in
116 181 186 227 ejus
211 180 358 212 lectione
384 189 550 222 versatos,
576 188 756 223 postquam
788 191 851 223 per
875 190 952 210 eum
976 177 1054 210 satis
1079 178 1194 221 profc-

54 242 136 274 cisse
159 255 194 274 se
227 241 491 280 intellexissent.
523 250 596 274 tum
627 253 705 273 vero
739 253 758 273 a
788 238 948 281 magistro
978 252 1040 271 suo
1071 238 1195 272 disces-

53 303 145 343 sisse,
171 313 202 335 ct
227 303 446 336 anathematis
472 316 550 335 eum
576 302 781 341 confodisse,
805 314 847 334 ne
872 300 951 345 quid
969 301 1010 332 ab
1035 313 1076 332 eo
1102 300 1193 333 scili-

54 374 108 396 cet
130 364 299 408 accepisse
326 365 530 397 viderentur.
567 364 701 395 Deinde
719 361 870 407 subjicit:
899 363 955 394 »ln
980 370 1109 394 tantum
1134 376 1193 394 au-

53 435 122 458 tem
147 426 280 465 horum,
305 426 347 458 de
372 426 494 470 quibus
518 438 618 468 supra
635 426 665 469 ¹)
700 425 861 463 diximus,
894 435 1068 467 progressa
1098 424 1192 456 mali-

51 487 98 519 tia
123 497 182 527 est,
206 496 243 519 ut
275 487 412 531 quidam
446 486 546 519 etiam
579 486 792 518 conscribere
824 485 982 516 adversus
1012 498 1089 517 eum
1121 486 1190 518 ausi

51 549 127 588 sint,
153 557 185 581 et
209 548 332 580 libellis
357 548 456 581 editis
480 549 641 588 derogare
669 546 698 578 ei
723 546 827 585 viro„
844 545 901 590 qui
926 558 987 588 per
1011 554 1064 577 tot
1085 559 1191 579 annos

51 609 208 651 magister
232 609 392 642 ecclesiae
416 610 513 642 suit.«
564 607 684 641 Tradit
708 607 845 651 insuper
871 606 977 639 libros
1001 620 1060 640 eos
1084 608 1191 651 potis·

50 671 173 704 simum
198 671 300 703 fuisse
326 671 508 716 appetitos,
534 684 618 715 quos
647 683 727 713 »per
751 669 896 713 spatium
922 678 955 701 et
981 669 1129 713 quietem
1155 669 1188 701 iu

49 742 179 765 secreto
214 734 505 776 conscripserat,«
547 731 640 775 quod
672 731 704 762 in
739 730 778 763 iis
811 730 961 774 apertius
992 730 1189 764 disseruisse

49 794 320 835 existimaram-3
344 807 424 838 prae
450 784 524 826 aliis
549 806 630 825 vero
656 792 762 825 libros
789 795 872 836 περὶ
897 792 1030 837 ἀρχῶν,
1054 793 1088 825 ἰη
1114 794 1188 837 qui-

48 857 110 889 bus
135 857 330 898 dogmatum
355 869 494 888 suorum
524 855 616 887 velut
643 868 733 898 penu
768 854 1006 887 collocaverat.
1053 855 1186 888 Novem

46 927 160 951 autem
191 917 382 962 praecipuis
422 917 587 961 capitibus
619 917 816 948 constabant
846 915 1100 949 criminationes
1130 918 1189 950 ad-

48 992 161 1012 versus
186 979 297 1024 ipsum
322 992 340 1012 a
365 979 543 1012 malevolis
568 978 754 1017 conflatae,
787 991 867 1022 quas
899 988 1052 1011 recenset
1076 988 1110 1011 et
1134 993 1188 1011 re-

48 1042 138 1074 fellit
161 1041 376 1085 Pamphilus,
418 1049 450 1073 et
480 1053 542 1073 nos
576 1053 677 1084 supra
709 1041 782 1072 fuse
807 1040 1020 1074 excussimus.
1069 1042 1186 1085 ltaque

48 1103 197 1136 moriens
219 1102 422 1136 pachomius
449 1103 561 1134 Abbas
585 1102 771 1134 monachos
795 1114 874 1133 suos
899 1103 940 1134 ab
967 1102 1186 1143 Origeniana-

47 1178 122 1196 rum
148 1164 423 1196 lucubrationum
451 1163 597 1196 lectione
620 1176 735 1195 severa
752 1163 978 1195 obtestatione
995 1164 1186 1197 absterruit.

138 1227 177 1258 V.
225 1226 293 1258 Has
318 1227 432 1258 turbas
458 1225 600 1267 Origeni
632 1224 766 1269 peperit
796 1224 918 1256 Ariana
951 1225 1074 1265 factio,
1104 1227 1185 1258 dum

48 1286 117 1331 ejus
142 1287 339 1327 suffragium
364 1286 548 1319 studiosius
574 1286 696 1319 ambit:
729 1298 828 1330 quam
861 1299 938 1318 cum
969 1287 1077 1320 acrius
1100 1288 1186 1320 ulei-

45 1358 220 1382 scerentur
244 1349 450 1388 Orthodoxi,
477 1348 633 1390 Origenis
658 1361 808 1380 caussam
832 1361 900 1379 non
924 1349 1002 1381 satis
1027 1348 1186 1381 distinxe-

45 1420 125 1443 runt
148 1411 189 1442 ab
214 1410 354 1450 Ariana,
388 1420 420 1442 et
444 1419 620 1454 utramque
651 1410 863 1442 damnarunt.
919 1410 1075 1442 Affectus
1100 1424 1186 1454 quo-

46 1485 112 1517 que
145 1473 263 1505 eadem
295 1472 417 1517 injuria
456 1482 504 1505 est
535 1471 718 1518 Dionysius
751 1472 996 1504 Alexandrinus
1028 1471 1186 1513 Origenis

47 1534 243 1578 discipulus,
282 1543 315 1566 et
351 1534 383 1566 in
419 1535 525 1566 laesae
551 1533 725 1567 Trinitatis
764 1533 993 1578 suspicionem
1034 1543 1184 1573 vocatus,

45 1596 134 1628 unde
159 1595 192 1627 in
218 1595 334 1628 multis
359 1609 376 1628 a
399 1596 527 1628 Basilio
549 1609 617 1628 non
633 1595 827 1635 admissum¹
853 1596 995 1627 maxime
1013 1595 1072 1627 ubi
1089 1596 1184 1628 Aria-

46 1670 167 1689 norum
193 1658 408 1691 confirmaret
432 1657 599 1696 haeresin,
629 1657 746 1690 scribit
778 1658 934 1690 Gobarus
965 1658 1054 1701 apud
1078 1657 1183 1692 th.

48 1719 133 1752 Cod.
159 1720 238 1754 232.
287 1722 332 1752 At
357 1729 541 1764 utrumque
568 1719 710 1752 crimine
738 1719 881 1752 exsolvit
906 1719 1121 1758 Athanasius,
1146 1729 1184 1751 ut

45 1781 199 1825 superius
223 1795 240 1814 a
265 1783 363 1814 nobis
388 1782 546 1814 traditum
574 1791 640 1822 est;
672 1795 734 1814 nec
765 1782 870 1826 pluris
895 1781 946 1813 illi
971 1781 1034 1813 fuit
1060 1782 1184 1814 Catho-

45 1843 186 1876 licarum
210 1843 369 1888 partium,
395 1857 494 1887 quam
520 1843 668 1876 veritatis
691 1843 858 1876 studium:
884 1843 1021 1887 ipseque
1040 1843 1183 1876 Basilius

46 1913 78 1936 ct
103 1905 286 1946 Gregorius
312 1905 509 1947 Theologus
536 1905 669 1950 objecta
693 1905 758 1938 sibi
782 1907 822 1937 ab
847 1904 976 1937 Arianis
991 1905 1183 1938 Adamantii

46 1966 259 2010 testimonia,
309 1967 343 1999 in
384 1968 603 1999 commodum
639 1968 770 1999 trahere
806 1967 998 1999 maluerunt
1038 1980 1183 2006 sensum,

47 2040 145 2070 quam
171 2028 350 2061 contemtis
374 2028 493 2061 iisdem
524 2028 640 2061 debito
666 2030 796 2061 honore
818 2037 991 2060 auctorem
1018 2029 1182 2060 fraudare.

51 2089 121 2120 lmo
146 2102 225 2122 vero
253 2104 290 2123 ex
317 2090 466 2136 ejusdem
488 2091 658 2135 Operibus
684 2090 812 2123 assidua
840 2089 985 2122 lectione
1010 2103 1027 2121 a
1051 2103 1085 2121 se
1105 2102 1183 2120 con-

49 2149 154 2190 tritiS,
183 2153 311 2193 egregia
337 2165 489 2197 quaeque
514 2152 638 2185 selecta
671 2152 703 2184 in
731 2165 834 2184 unum
863 2160 1100 2194 congesserunt
1127 2164 1183 2182 vo-

145 2278 174 2321 ')
200 2278 303 2311 Deest
332 2293 467 2324 »supra«
496 2280 527 2313 in
554 2281 627 2313 cdd.
656 2280 780 2313 lluetii.
