1422 2472
367 76 679 110 Omcssmmonum
707 76 821 109 Lmen
845 74 906 107 ΙΙΙ.
1136 74 1200 110 189

71 167 356 216 quemadmodum
388 166 549 211 Tetrapla
580 178 598 198 a
630 174 791 210 quatuor,
826 177 863 198 ac
895 164 974 197 ideo
1013 163 1106 203 salli,
1141 164 1199 208 qui

70 230 229 276 Hexaplis
245 229 393 271 vulgatas
418 236 562 272 quatuor
579 226 743 259 editiones
759 226 915 266 Graecas,
940 235 973 259 et
998 225 1200 270 exemplaria

70 295 138 327 duo
163 290 328 325 Hebraica
359 288 531 330 assignant.
579 289 620 321 Id
644 288 672 320 si
703 289 762 328 sit,
796 289 907 333 palam
939 287 1002 321 sibi
1034 300 1200 332 repugna-

69 353 156 386 verit
170 349 378 397 Epiphanius
402 349 491 382 libro
517 350 557 381 de
583 349 727 393 ponder.
745 359 778 382 et
801 362 946 383 mensur.
968 362 1038 394 cap.
1055 349 1119 390 19„
1144 349 1200 394 qui

69 417 117 448 ita
140 413 290 447 disserit:
342 413 530 457 Τετραπλᾶ
555 410 629 457 γάρ
653 413 721 446 εἰσι
746 410 789 445 πὶ
815 410 1025 455 Ἑλληνικὰ,
1053 409 1141 446 ὅταν
1164 412 1202 445 αἱ

72 479 134 512 τοῦ
157 474 298 518 Ἀκύλα,
323 474 384 508 καὶ
399 471 618 517 Συμμάχου,
646 474 707 506 καὶ
731 474 804 506 τῶν
819 470 1095 517 Ἑβδομήκοντα
1120 471 1200 515 δύο,

72 540 134 573 καὶ
173 536 418 573 Θεοδοτίωνος
452 534 638 579 ἑρμηνεῖαι
678 537 963 578 συντεταγμέναι
999 528 1084 568 ὦσι*
1131 536 1203 568 τῶν

71 597 257 645 τεσσάρων
280 597 320 632 δὲ
344 593 482 631 τούτων
505 595 658 631 σελίδων
682 599 758 634 ταῖς
788 595 874 629 δυσὶ
901 600 978 634 ταῖς
997 593 1205 641 Ἑβραϊκαῖς

74 660 353 706 συναφθεισῶν,
384 655 544 697 Ἑξαπλᾶ
569 658 737 692 καλεῖται.
780 655 871 691 Ἐὰν
895 657 935 691 δὲ
958 659 1020 691 καὶ
1044 660 1203 701 πέμπτη,

72 725 134 756 καὶ
161 719 182 764 ἡ
207 720 288 764 ἕκτη
322 719 493 764 ἑρμηνεία
523 720 787 764 συναφθῶσιν,
826 717 1036 757 ἀκολούθως
1066 717 1206 757 τούτοις

68 783 249 819 Ὀκῐαπλᾶ
274 785 442 817 καλεῖται.
491 779 626 823 Quibus
650 780 790 812 adsonat
813 779 956 813 Rufinus
980 779 1014 812 in
1038 779 1206 824 interpre-

73 845 202 878 tatione
230 841 355 876 decimi
386 841 470 874 sexti
497 841 614 886 capitis
646 840 727 873 libri
754 840 837 873 sexti
862 840 1031 874 Historiae
1055 840 1206 874 Eusebii.

74 907 153 942 Alio
185 917 265 938 vero
298 903 368 937 abit
397 902 598 947 Nicetas‚¹)
634 910 668 934 et
698 902 805 947 Dipla
830 902 1013 943 Hebraica,
1045 902 1206 948 quoniam

75 969 168 1003 idem
192 966 331 1000 omnino
358 964 595 1004 continebant,
625 977 689 1009 pro
707 974 805 1004 'una,
835 976 939 1009 eaque
962 963 1124 1009 bipartita
1149 977 1207 996 co-

77 1033 192 1064 lumna
209 1027 322 1061 habita
338 1026 439 1059 fuisse
457 1025 539 1066 vult,
564 1034 664 1070 atque
680 1026 740 1058 illa
758 1039 835 1058 cum
852 1030 925 1065 τοῖς
942 1024 1206 1071 ἑβδομήκοντα,

78 1092 219 1137 Aquila,
251 1087 470 1135 Symmacho,
495 1087 754 1126 Theodotione,
778 1100 816 1120 ac
841 1087 957 1132 quinta
982 1087 1130 1120 editione
1154 1100 1209 1120 sex

78 1154 251 1188 columnas
276 1149 504 1188 constituisse,
529 1161 567 1181 ac
590 1148 742 1192 Hexapla
765 1148 844 1180 inde
870 1148 971 1180 fuisse
996 1149 1178 1193 appellata.

166 1214 235 1247 Has
259 1212 347 1245 inter
371 1209 545 1255 oppositas
569 1219 602 1242 et
618 1218 839 1254 repugnantes
857 1210 1049 1251 sententias,
1073 1222 1209 1250 novam,

80 1287 131 1317 et,
160 1275 225 1309 nisi
254 1286 310 1306 me
342 1272 470 1305 animus
494 1271 600 1312 fallit,
633 1270 841 1304 verissimam
866 1280 976 1306 tueor.
1022 1271 1209 1315 Falsum2)

172 1420 204 1465 ¹)
231 1419 302 1453 Cfr.
314 1417 627 1451 Nicetas.Thesaur.
643 1416 778 1449 orthod.
793 1416 849 1448 fid.
867 1415 925 1449 lib.
936 1416 991 1450 lV.
1010 1417 1146 1450 Haeres.
1156 1416 1210 1452 31.

171 1477 205 1520 ²)
231 1476 270 1508 In
295 1474 494 1519 quibusnam
510 1472 706 1516 Scripturae
733 1471 826 1504 libris
846 1481 911 1503 tres
937 1471 1015 1504 alias
1034 1471 1211 1512 editiones,

81 1533 242 1578 quintam,
266 1539 402 1568 sextam,
428 1539 460 1561 et
483 1528 659 1573 septimam
677 1527 836 1572 Hexaplis
854 1527 1022 1560 addiderit
1039 1528 1212 1570 Origenes,

81 1586 325 1622 accuratissime
352 1585 502 1618 omnium
529 1584 629 1616 docet
654 1583 902 1616 D.Bernardus
929 1584 969 1615 de
987 1584 1212 1618 Montfaucon

80 1646 114 1678 in
135 1642 433 1677 praeliminaribus
459 1640 492 1672 in
518 1639 658 1684 Hexapl.
685 1652 758 1683 pag.
785 1638 836 1673 16.
880 1638 1128 1685 »Exploratum
1153 1650 1212 1682 est,

80 1700 206 1746 inquit,
238 1698 403 1732 editiones
429 1696 598 1741 quintam,
629 1704 772 1734 sextam,
805 1703 838 1726 et
861 1694 1057 1738 septimam,
1085 1709 1154 1729 non
1178 1697 1213 1729 in

83 1757 240 1789 omnibus
265 1755 459 1799 Scripturae
487 1752 598 1791 libris,
632 1752 689 1783 sed
716 1751 748 1783 in
774 1750 942 1794 aliquibus
965 1760 1094 1785 tantum
1121 1752 1214 1785 colu-

81 1825 174 1845 mnas
199 1823 378 1855 occupasse
402 1822 485 1842 suas.
535 1810 572 1841 In
597 1808 795 1852 quibusnam
825 1816 947 1846 autem,
971 1820 1032 1840 nec
1050 1817 1214 1850 veterum,

82 1881 145 1900 nec
167 1866 395 1900 recentiorum
419 1866 509 1898 ullus
531 1876 679 1909 unquam
705 1862 797 1894 dixit.
839 1863 925 1894 Nam
944 1863 1010 1895 hoc
1033 1863 1145 1896 solum
1169 1864 1215 1897 ait

85 1923 329 1969 Hieronymus:
357 1921 542 1955 »Nonnulli
557 1932 637 1952 vero
662 1918 750 1958 libri,
770 1927 802 1950 et
821 1917 963 1950 maxime
981 1918 1026 1958 bi,
1052 1919 1107 1963 qui
1125 1921 1215 1964 apud

86 1979 257 2012 Hebraeos
289 1991 386 2011 versu
418 1975 598 2022 compositi
632 1983 725 2015 sunt,
756 1983 823 2006 tres
856 1974 934 2006 alias
963 1974 1128 2008 editiones
1159 1977 1216 2008 ad-

88 2034 172 2066 ditas
195 2033 355 2066 habene«
406 2032 517 2077 Quam
543 2033 588 2064 ob
618 2043 689 2063 rem
722 2042 844 2075 operae
869 2029 1017 2074 pretium
1048 2031 1129 2071 erit,
1162 2031 1215 2063 hic

88 2089 192 2122 libros
216 2100 398 2130 recensere,
421 2089 455 2121 in
477 2088 596 2133 quibus
622 2085 748 2132 quinta,
773 2095 874 2126 sexta,
899 2098 936 2118 ac
952 2085 1096 2130 septima
1111 2086 1215 2119 editio

64 2154 69 2157 “
90 2144 345 2189 comparebant;
369 2156 405 2176 ac
431 2144 629 2189 disquirere,
653 2151 766 2174 utrum
784 2151 874 2174 sexta
890 2141 1052 2187 quintam,
1075 2142 1217 2187 septima

89 2210 268 2244 utramque
287 2211 420 2243 semper
444 2207 650 2244 sequeretur.
688 2198 827 2231 Certum
846 2206 904 2238 est,
928 2207 995 2230 tres
1011 2197 1085 2231 illas
1102 2210 1217 2242 super-

91 2255 219 2289 additas
245 2254 410 2288 editiones
435 2267 451 2286 e
476 2255 613 2297 regione
638 2253 778 2287 aliarum
795 2253 921 2299 positas
947 2253 1048 2287 fuisse
1072 2252 1106 2286 in
1130 2253 1216 2287 libro
