<?xml version="1.0" encoding="UTF-8"?>
<!DOCTYPE html PUBLIC "-//W3C//DTD XHTML 1.0 Transitional//EN"
    "http://www.w3.org/TR/xhtml1/DTD/xhtml1-transitional.dtd">
<html xmlns="http://www.w3.org/1999/xhtml" xml:lang="en" lang="en">
 <head>
  <title>
</title>
<meta http-equiv="Content-Type" content="text/html;charset=utf-8" />
  <meta name='ocr-system' content='tesseract 3.04.00' />
  <meta name='ocr-capabilities' content='ocr_page ocr_carea ocr_par ocr_line ocrx_word'/>
</head>
<body>
  <div class='ocr_page' id='page_1' title='image "./operaomniaquaegr24orig/operaomniaquaegr24orig_0147.png"; bbox 0 0 1422 2472; ppageno 0'>
   <div class='ocr_carea' id='block_1_1' title="bbox 381 63 1200 103">
    <p class='ocr_par' dir='ltr' id='par_1_1' title="bbox 381 63 1200 103">
     <span class='ocr_line' id='line_1_1' title="bbox 381 63 1200 103; baseline 0.005 -4"><span class='ocrx_word' id='word_1_1' title='bbox 381 63 697 100; x_wconf 62' lang='lat' dir='ltr'>Omszmxoaum</span> <span class='ocrx_word' id='word_1_2' title='bbox 721 65 835 100; x_wconf 69' lang='lat' dir='ltr'>Linea</span> <span class='ocrx_word' id='word_1_3' title='bbox 847 65 910 100; x_wconf 91' lang='lat'>111.</span> <span class='ocrx_word' id='word_1_4' title='bbox 1136 66 1200 103; x_wconf 84' lang='lat'>135</span> 
     </span>
    </p>
   </div>
   <div class='ocr_carea' id='block_1_2' title="bbox 50 155 1198 2255">
    <p class='ocr_par' dir='ltr' id='par_1_2' title="bbox 50 155 1198 1133">
     <span class='ocr_line' id='line_1_2' title="bbox 146 155 1198 200; baseline 0.001 -12"><span class='ocrx_word' id='word_1_5' title='bbox 146 155 314 188; x_wconf 80' lang='lat' dir='ltr'>Jeremiae</span> <span class='ocrx_word' id='word_1_6' title='bbox 347 155 564 200; x_wconf 81' lang='lat' dir='ltr'>prophetiam</span> <span class='ocrx_word' id='word_1_7' title='bbox 596 167 658 200; x_wconf 88' lang='lat' dir='ltr'>per</span> <span class='ocrx_word' id='word_1_8' title='bbox 688 155 858 189; x_wconf 80' lang='lat' dir='ltr'>Homilias</span> <span class='ocrx_word' id='word_1_9' title='bbox 886 155 1107 189; x_wconf 78' lang='lat' dir='ltr'>Adamantius</span> <span class='ocrx_word' id='word_1_10' title='bbox 1144 169 1198 189; x_wconf 86' lang='lat' dir='ltr'>ex-</span> 
     </span>
     <span class='ocr_line' id='line_1_3' title="bbox 57 215 1194 262; baseline 0 -12"><span class='ocrx_word' id='word_1_11' title='bbox 57 216 205 262; x_wconf 72' lang='lat' dir='ltr'>plicavit.</span> <span class='ocrx_word' id='word_1_12' title='bbox 254 215 527 260; x_wconf 80' lang='lat' dir='ltr'>Quatuordecim</span> <span class='ocrx_word' id='word_1_13' title='bbox 553 230 591 250; x_wconf 84' lang='lat' dir='ltr'>ex</span> <span class='ocrx_word' id='word_1_14' title='bbox 614 216 776 250; x_wconf 83' lang='lat' dir='ltr'>Homiliis</span> <span class='ocrx_word' id='word_1_15' title='bbox 801 217 943 251; x_wconf 87' lang='lat' dir='ltr'>confuso</span> <span class='ocrx_word' id='word_1_16' title='bbox 971 216 1091 251; x_wconf 77' lang='lat' dir='ltr'>ordine</span> <span class='ocrx_word' id='word_1_17' title='bbox 1111 217 1194 251; x_wconf 83' lang='lat' dir='ltr'>Hie-</span> 
     </span>
     <span class='ocr_line' id='line_1_4' title="bbox 56 278 1196 326; baseline 0.001 -14"><span class='ocrx_word' id='word_1_18' title='bbox 56 291 218 326; x_wconf 84' lang='lat' dir='ltr'>ronymus</span> <span class='ocrx_word' id='word_1_19' title='bbox 251 278 286 311; x_wconf 91' lang='lat' dir='ltr'>in</span> <span class='ocrx_word' id='word_1_20' title='bbox 320 278 463 312; x_wconf 75' lang='lat' dir='ltr'>latinum</span> <span class='ocrx_word' id='word_1_21' title='bbox 487 291 679 312; x_wconf 89' lang='lat' dir='ltr'>sermonem</span> <span class='ocrx_word' id='word_1_22' title='bbox 709 279 892 314; x_wconf 83' lang='lat' dir='ltr'><strong>transtulit.</strong></span> <span class='ocrx_word' id='word_1_23' title='bbox 947 279 1196 313; x_wconf 81' lang='lat' dir='ltr'>Novemdeeim</span> 
     </span>
     <span class='ocr_line' id='line_1_5' title="bbox 57 340 1192 386; baseline 0.001 -12"><span class='ocrx_word' id='word_1_24' title='bbox 57 342 176 374; x_wconf 75' lang='lat' dir='ltr'>habuit</span> <span class='ocrx_word' id='word_1_25' title='bbox 200 341 421 376; x_wconf 88' lang='lat' dir='ltr'>Scorialensis</span> <span class='ocrx_word' id='word_1_26' title='bbox 446 341 580 382; x_wconf 76' lang='lat' dir='ltr'>Codex,</span> <span class='ocrx_word' id='word_1_27' title='bbox 615 353 683 386; x_wconf 89' lang='lat' dir='ltr'>quo</span> <span class='ocrx_word' id='word_1_28' title='bbox 708 355 786 376; x_wconf 82' lang='lat' dir='ltr'>usus</span> <span class='ocrx_word' id='word_1_29' title='bbox 811 351 861 375; x_wconf 76' lang='lat' dir='ltr'>est</span> <span class='ocrx_word' id='word_1_30' title='bbox 889 340 1093 382; x_wconf 84' lang='lat' dir='ltr'>Corderius‚</span> <span class='ocrx_word' id='word_1_31' title='bbox 1128 343 1192 376; x_wconf 85' lang='lat' dir='ltr'>sub</span> 
     </span>
     <span class='ocr_line' id='line_1_6' title="bbox 54 403 1195 451; baseline 0.002 -15"><span class='ocrx_word' id='word_1_32' title='bbox 54 403 194 436; x_wconf 87' lang='lat' dir='ltr'>nomine</span> <span class='ocrx_word' id='word_1_33' title='bbox 231 403 370 450; x_wconf 72' lang='lat' dir='ltr'>Cyrilli;</span> <span class='ocrx_word' id='word_1_34' title='bbox 406 416 548 449; x_wconf 74' lang='lat' dir='ltr'>quarum</span> <span class='ocrx_word' id='word_1_35' title='bbox 579 403 762 436; x_wconf 81' lang='lat' dir='ltr'><strong>duodecim</strong></span> <span class='ocrx_word' id='word_1_36' title='bbox 792 403 881 437; x_wconf 86' lang='lat' dir='ltr'>inter</span> <span class='ocrx_word' id='word_1_37' title='bbox 912 403 1195 451; x_wconf 78' lang='lat' dir='ltr'>Hieronymianas</span> 
     </span>
     <span class='ocr_line' id='line_1_7' title="bbox 52 465 1194 512; baseline 0.001 -13"><span class='ocrx_word' id='word_1_38' title='bbox 52 465 121 512; x_wconf 79' lang='lat' dir='ltr'>jam</span> <span class='ocrx_word' id='word_1_39' title='bbox 144 475 221 499; x_wconf 82' lang='lat' dir='ltr'>ante</span> <span class='ocrx_word' id='word_1_40' title='bbox 245 465 463 499; x_wconf 79' lang='lat' dir='ltr'>habebantur.</span> <span class='ocrx_word' id='word_1_41' title='bbox 511 465 752 508; x_wconf 79' lang='lat' dir='ltr'><strong>Fragmentum</strong></span> <span class='ocrx_word' id='word_1_42' title='bbox 784 478 823 499; x_wconf 86' lang='lat' dir='ltr'>ex</span> <span class='ocrx_word' id='word_1_43' title='bbox 847 465 1000 500; x_wconf 86' lang='lat' dir='ltr'>Homilia</span> <span class='ocrx_word' id='word_1_44' title='bbox 1023 466 1194 509; x_wconf 78' lang='lat' dir='ltr'>trigesima</span> 
     </span>
     <span class='ocr_line' id='line_1_8' title="bbox 53 526 1191 573; baseline 0.001 -13"><span class='ocrx_word' id='word_1_45' title='bbox 53 540 143 561; x_wconf 83' lang='lat' dir='ltr'>nona</span> <span class='ocrx_word' id='word_1_46' title='bbox 167 527 337 560; x_wconf 87' lang='lat' dir='ltr'>decimum</span> <span class='ocrx_word' id='word_1_47' title='bbox 369 528 473 560; x_wconf 87' lang='lat' dir='ltr'>offert</span> <span class='ocrx_word' id='word_1_48' title='bbox 508 526 718 561; x_wconf 81' lang='lat' dir='ltr'>Philocaliae</span> <span class='ocrx_word' id='word_1_49' title='bbox 750 537 861 573; x_wconf 78' lang='lat' dir='ltr'>caput.</span> <span class='ocrx_word' id='word_1_50' title='bbox 910 527 1132 562; x_wconf 77' lang='lat' dir='ltr'>Cassiodorus</span> <span class='ocrx_word' id='word_1_51' title='bbox 1156 528 1191 562; x_wconf 86' lang='lat' dir='ltr'>in</span> 
     </span>
     <span class='ocr_line' id='line_1_9' title="bbox 54 588 1190 634; baseline 0.001 -11"><span class='ocrx_word' id='word_1_52' title='bbox 54 590 143 623; x_wconf 86' lang='lat' dir='ltr'>libro</span> <span class='ocrx_word' id='word_1_53' title='bbox 168 590 211 623; x_wconf 88' lang='lat' dir='ltr'>de</span> <span class='ocrx_word' id='word_1_54' title='bbox 234 589 337 622; x_wconf 87' lang='lat' dir='ltr'>instit.</span> <span class='ocrx_word' id='word_1_55' title='bbox 364 588 503 622; x_wconf 79' lang='lat' dir='ltr'>divinar.</span> <span class='ocrx_word' id='word_1_56' title='bbox 529 589 695 634; x_wconf 85' lang='lat' dir='ltr'>Scriptur.</span> <span class='ocrx_word' id='word_1_57' title='bbox 722 602 792 634; x_wconf 76' lang='lat' dir='ltr'>cap.</span> <span class='ocrx_word' id='word_1_58' title='bbox 807 588 839 624; x_wconf 84' lang='lat'>3.</span> <span class='ocrx_word' id='word_1_59' title='bbox 864 589 980 623; x_wconf 79' lang='lat' dir='ltr'>asserit</span> <span class='ocrx_word' id='word_1_60' title='bbox 1004 590 1190 632; x_wconf 84' lang='lat' dir='ltr'>Origenem</span> 
     </span>
     <span class='ocr_line' id='line_1_10' title="bbox 53 651 1192 697; baseline 0 -11"><span class='ocrx_word' id='word_1_61' title='bbox 53 652 107 686; x_wconf 63' lang='grc'>45.</span> <span class='ocrx_word' id='word_1_62' title='bbox 147 651 308 684; x_wconf 88' lang='lat' dir='ltr'>Homiliis</span> <span class='ocrx_word' id='word_1_63' title='bbox 333 651 517 685; x_wconf 78' lang='lat' dir='ltr'>Jcrcmiam</span> <span class='ocrx_word' id='word_1_64' title='bbox 541 651 751 696; x_wconf 81' lang='lat' dir='ltr'>exposuisse,</span> <span class='ocrx_word' id='word_1_65' title='bbox 790 664 828 684; x_wconf 80' lang='lat' dir='ltr'>ex</span> <span class='ocrx_word' id='word_1_66' title='bbox 852 651 960 697; x_wconf 89' lang='lat' dir='ltr'>iisque</span> <span class='ocrx_word' id='word_1_67' title='bbox 986 653 1192 697; x_wconf 73' lang='lat' dir='ltr'>quatuorde-</span> 
     </span>
     <span class='ocr_line' id='line_1_11' title="bbox 52 712 1191 761; baseline 0.002 -15"><span class='ocrx_word' id='word_1_68' title='bbox 52 714 118 747; x_wconf 86' lang='lat' dir='ltr'>cim</span> <span class='ocrx_word' id='word_1_69' title='bbox 142 713 207 747; x_wconf 88' lang='lat' dir='ltr'>sibi</span> <span class='ocrx_word' id='word_1_70' title='bbox 229 714 332 747; x_wconf 85' lang='lat' dir='ltr'>fuisse</span> <span class='ocrx_word' id='word_1_71' title='bbox 356 714 525 753; x_wconf 82' lang='lat' dir='ltr'>inventas,</span> <span class='ocrx_word' id='word_1_72' title='bbox 560 725 613 746; x_wconf 77' lang='lat' dir='ltr'>eas</span> <span class='ocrx_word' id='word_1_73' title='bbox 637 712 818 754; x_wconf 85' lang='lat' dir='ltr'>nimirum,</span> <span class='ocrx_word' id='word_1_74' title='bbox 850 727 931 759; x_wconf 79' lang='lat' dir='ltr'>quas</span> <span class='ocrx_word' id='word_1_75' title='bbox 961 714 1191 761; x_wconf 83' lang='lat' dir='ltr'>Hieronymus</span> 
     </span>
     <span class='ocr_line' id='line_1_12' title="bbox 50 770 1190 821; baseline 0.001 -12"><span class='ocrx_word' id='word_1_76' title='bbox 50 775 230 809; x_wconf 78' lang='lat' dir='ltr'>Latinitate</span> <span class='ocrx_word' id='word_1_77' title='bbox 255 770 449 811; x_wconf 58' lang='lat' dir='ltr'>donaverat.</span> <span class='ocrx_word' id='word_1_78' title='bbox 496 776 654 821; x_wconf 88' lang='lat' dir='ltr'>Denique</span> <span class='ocrx_word' id='word_1_79' title='bbox 685 777 842 810; x_wconf 77' lang='lat' dir='ltr'>Rabanus</span> <span class='ocrx_word' id='word_1_80' title='bbox 874 776 1014 810; x_wconf 80' lang='lat' dir='ltr'>Maurus</span> <span class='ocrx_word' id='word_1_81' title='bbox 1044 777 1190 810; x_wconf 81' lang='lat' dir='ltr'>Praefat.</span> 
     </span>
     <span class='ocr_line' id='line_1_13' title="bbox 51 838 1192 884; baseline 0.001 -13"><span class='ocrx_word' id='word_1_82' title='bbox 51 838 86 871; x_wconf 89' lang='lat' dir='ltr'>in</span> <span class='ocrx_word' id='word_1_83' title='bbox 109 839 235 871; x_wconf 88' lang='lat' dir='ltr'>Jerem.</span> <span class='ocrx_word' id='word_1_84' title='bbox 261 838 410 884; x_wconf 85' lang='lat' dir='ltr'>quinque</span> <span class='ocrx_word' id='word_1_85' title='bbox 435 838 509 871; x_wconf 80' lang='lat' dir='ltr'>illas</span> <span class='ocrx_word' id='word_1_86' title='bbox 533 851 635 884; x_wconf 79' lang='lat' dir='ltr'>supra</span> <span class='ocrx_word' id='word_1_87' title='bbox 658 839 877 884; x_wconf 78' lang='lat' dir='ltr'>quadraginta</span> <span class='ocrx_word' id='word_1_88' title='bbox 894 838 1050 882; x_wconf 82' lang='lat' dir='ltr'>Origenis</span> <span class='ocrx_word' id='word_1_89' title='bbox 1069 839 1192 872; x_wconf 84' lang='lat' dir='ltr'>Homi-</span> 
     </span>
     <span class='ocr_line' id='line_1_14' title="bbox 51 899 1190 936; baseline -0.001 -2"><span class='ocrx_word' id='word_1_90' title='bbox 51 901 111 934; x_wconf 80' lang='lat' dir='ltr'>lias</span> <span class='ocrx_word' id='word_1_91' title='bbox 135 900 170 934; x_wconf 89' lang='lat' dir='ltr'>in</span> <span class='ocrx_word' id='word_1_92' title='bbox 194 900 380 934; x_wconf 79' lang='lat' dir='ltr'>Jeremiam</span> <span class='ocrx_word' id='word_1_93' title='bbox 403 899 525 934; x_wconf 76' lang='lat' dir='ltr'>vidisse</span> <span class='ocrx_word' id='word_1_94' title='bbox 549 913 584 935; x_wconf 85' lang='lat' dir='ltr'>se</span> <span class='ocrx_word' id='word_1_95' title='bbox 607 911 783 936; x_wconf 83' lang='lat' dir='ltr'>asseverat.</span> <span class='ocrx_word' id='word_1_96' title='bbox 834 905 878 935; x_wconf 82' lang='lat' dir='ltr'>At</span> <span class='ocrx_word' id='word_1_97' title='bbox 900 901 936 935; x_wconf 86' lang='lat' dir='ltr'>in</span> <span class='ocrx_word' id='word_1_98' title='bbox 960 900 1116 935; x_wconf 86' lang='lat' dir='ltr'>Threnos</span> <span class='ocrx_word' id='word_1_99' title='bbox 1132 901 1190 934; x_wconf 88' lang='lat' dir='ltr'>Je-</span> 
     </span>
     <span class='ocr_line' id='line_1_15' title="bbox 50 961 1190 1009; baseline -0.001 -13"><span class='ocrx_word' id='word_1_100' title='bbox 50 963 176 997; x_wconf 63' lang='lat' dir='ltr'>remi-ie</span> <span class='ocrx_word' id='word_1_101' title='bbox 197 976 323 997; x_wconf 81' lang='lat' dir='ltr'>novem</span> <span class='ocrx_word' id='word_1_102' title='bbox 340 961 504 1006; x_wconf 76' lang='lat' dir='ltr'>Origenes</span> <span class='ocrx_word' id='word_1_103' title='bbox 522 963 708 998; x_wconf 80' lang='lat' dir='ltr'>dictaverat</span> <span class='ocrx_word' id='word_1_104' title='bbox 724 964 867 1005; x_wconf 89' lang='lat' dir='ltr'>Tomos,</span> <span class='ocrx_word' id='word_1_105' title='bbox 889 977 929 997; x_wconf 81' lang='lat' dir='ltr'>ex</span> <span class='ocrx_word' id='word_1_106' title='bbox 945 962 1068 1009; x_wconf 88' lang='lat' dir='ltr'>quibus</span> <span class='ocrx_word' id='word_1_107' title='bbox 1093 962 1190 1009; x_wconf 87' lang='lat' dir='ltr'>quin-</span> 
     </span>
     <span class='ocr_line' id='line_1_16' title="bbox 52 1024 1188 1072; baseline -0.001 -14"><span class='ocrx_word' id='word_1_108' title='bbox 52 1039 117 1071; x_wconf 88' lang='lat' dir='ltr'>que</span> <span class='ocrx_word' id='word_1_109' title='bbox 143 1026 301 1058; x_wconf 77' lang='lat' dir='ltr'>duntaxat</span> <span class='ocrx_word' id='word_1_110' title='bbox 325 1026 367 1058; x_wconf 80' lang='lat' dir='ltr'>ad</span> <span class='ocrx_word' id='word_1_111' title='bbox 390 1038 483 1058; x_wconf 84' lang='lat' dir='ltr'>suam</span> <span class='ocrx_word' id='word_1_112' title='bbox 508 1035 652 1061; x_wconf 74' lang='lat' dir='ltr'>aetatem</span> <span class='ocrx_word' id='word_1_113' title='bbox 675 1039 907 1072; x_wconf 79' lang='lat' dir='ltr'>perseverasse</span> <span class='ocrx_word' id='word_1_114' title='bbox 922 1024 1089 1059; x_wconf 87' lang='lat' dir='ltr'>Eusebius</span> <span class='ocrx_word' id='word_1_115' title='bbox 1115 1037 1188 1058; x_wconf 89' lang='lat' dir='ltr'>me-</span> 
     </span>
     <span class='ocr_line' id='line_1_17' title="bbox 52 1086 723 1133; baseline 0.006 -15"><span class='ocrx_word' id='word_1_116' title='bbox 52 1086 181 1120; x_wconf 77' lang='lat' dir='ltr'>moriae</span> <span class='ocrx_word' id='word_1_117' title='bbox 205 1086 358 1130; x_wconf 87' lang='lat' dir='ltr'>prodidit</span> <span class='ocrx_word' id='word_1_118' title='bbox 384 1087 461 1120; x_wconf 89' lang='lat' dir='ltr'>libr.</span> <span class='ocrx_word' id='word_1_119' title='bbox 486 1087 544 1122; x_wconf 87' lang='lat' dir='ltr'>VI.</span> <span class='ocrx_word' id='word_1_120' title='bbox 571 1101 643 1133; x_wconf 81' lang='lat' dir='ltr'>cap.</span> <span class='ocrx_word' id='word_1_121' title='bbox 668 1088 723 1124; x_wconf 66' lang='grc'>24.</span> 
     </span>
    </p>

    <p class='ocr_par' dir='ltr' id='par_1_3' title="bbox 51 1148 1193 2255">
     <span class='ocr_line' id='line_1_18' title="bbox 143 1148 1189 1195; baseline 0.001 -14"><span class='ocrx_word' id='word_1_122' title='bbox 143 1148 357 1182; x_wconf 81' lang='lat' dir='ltr'>Ezechielem</span> <span class='ocrx_word' id='word_1_123' title='bbox 387 1148 508 1191; x_wconf 67' lang='lat' dir='ltr'>viginti</span> <span class='ocrx_word' id='word_1_124' title='bbox 532 1150 681 1195; x_wconf 86' lang='lat' dir='ltr'>quinque</span> <span class='ocrx_word' id='word_1_125' title='bbox 706 1150 825 1183; x_wconf 88' lang='lat' dir='ltr'>Tomis</span> <span class='ocrx_word' id='word_1_126' title='bbox 849 1151 891 1183; x_wconf 77' lang='lat' dir='ltr'>ab</span> <span class='ocrx_word' id='word_1_127' title='bbox 916 1149 1063 1192; x_wconf 79' lang='lat' dir='ltr'>Origene</span> <span class='ocrx_word' id='word_1_128' title='bbox 1087 1149 1189 1182; x_wconf 86' lang='lat' dir='ltr'>fuisse</span> 
     </span>
     <span class='ocr_line' id='line_1_19' title="bbox 53 1210 1189 1256; baseline 0.002 -12"><span class='ocrx_word' id='word_1_129' title='bbox 53 1212 257 1245; x_wconf 75' lang='lat' dir='ltr'>illustratum</span> <span class='ocrx_word' id='word_1_130' title='bbox 283 1211 383 1244; x_wconf 88' lang='lat' dir='ltr'>docet</span> <span class='ocrx_word' id='word_1_131' title='bbox 406 1211 497 1244; x_wconf 89' lang='lat' dir='ltr'>idem</span> <span class='ocrx_word' id='word_1_132' title='bbox 521 1212 686 1245; x_wconf 84' lang='lat' dir='ltr'>Eusebius</span> <span class='ocrx_word' id='word_1_133' title='bbox 711 1211 787 1246; x_wconf 86' lang='lat' dir='ltr'>libr.</span> <span class='ocrx_word' id='word_1_134' title='bbox 811 1212 868 1245; x_wconf 88' lang='lat' dir='ltr'>VI.</span> <span class='ocrx_word' id='word_1_135' title='bbox 894 1210 1022 1244; x_wconf 82' lang='lat' dir='ltr'>Histor.</span> <span class='ocrx_word' id='word_1_136' title='bbox 1047 1223 1119 1256; x_wconf 77' lang='lat' dir='ltr'>cap.</span> <span class='ocrx_word' id='word_1_137' title='bbox 1135 1210 1189 1246; x_wconf 87' lang='lat'>32.</span> 
     </span>
     <span class='ocr_line' id='line_1_20' title="bbox 52 1273 1189 1320; baseline 0 -14"><span class='ocrx_word' id='word_1_138' title='bbox 52 1274 165 1306; x_wconf 88' lang='lat' dir='ltr'>Docet</span> <span class='ocrx_word' id='word_1_139' title='bbox 189 1282 222 1305; x_wconf 86' lang='lat' dir='ltr'>et</span> <span class='ocrx_word' id='word_1_140' title='bbox 245 1282 340 1307; x_wconf 86' lang='lat' dir='ltr'>vetus</span> <span class='ocrx_word' id='word_1_141' title='bbox 364 1274 529 1307; x_wconf 71' lang='lat' dir='ltr'>Marchali</span> <span class='ocrx_word' id='word_1_142' title='bbox 552 1274 640 1307; x_wconf 87' lang='lat' dir='ltr'>liber</span> <span class='ocrx_word' id='word_1_143' title='bbox 665 1286 782 1307; x_wconf 90' lang='lat' dir='ltr'>omnes</span> <span class='ocrx_word' id='word_1_144' title='bbox 818 1273 1004 1320; x_wconf 80' lang='lat' dir='ltr'>prophetas</span> <span class='ocrx_word' id='word_1_145' title='bbox 1036 1273 1189 1319; x_wconf 84' lang='lat' dir='ltr'>comple-</span> 
     </span>
     <span class='ocr_line' id='line_1_21' title="bbox 51 1336 1191 1379; baseline -0.001 -9"><span class='ocrx_word' id='word_1_146' title='bbox 51 1349 127 1370; x_wconf 81' lang='lat' dir='ltr'>xus:</span> <span class='ocrx_word' id='word_1_147' title='bbox 153 1349 229 1369; x_wconf 79' lang='lat' dir='ltr'>nam</span> <span class='ocrx_word' id='word_1_148' title='bbox 246 1336 288 1368; x_wconf 86' lang='lat' dir='ltr'>ad</span> <span class='ocrx_word' id='word_1_149' title='bbox 301 1336 488 1369; x_wconf 84' lang='lat' dir='ltr'>Ezechielis</span> <span class='ocrx_word' id='word_1_150' title='bbox 503 1349 597 1369; x_wconf 78' lang='lat' dir='ltr'>oram</span> <span class='ocrx_word' id='word_1_151' title='bbox 611 1336 896 1379; x_wconf 76' lang='lat' dir='ltr'>Origenianorum</span> <span class='ocrx_word' id='word_1_152' title='bbox 919 1337 1111 1370; x_wconf 89' lang='lat' dir='ltr'>Tomorum</span> <span class='ocrx_word' id='word_1_153' title='bbox 1129 1349 1191 1369; x_wconf 89' lang='lat' dir='ltr'>nu-</span> 
     </span>
     <span class='ocr_line' id='line_1_22' title="bbox 51 1397 1190 1444; baseline 0 -13"><span class='ocrx_word' id='word_1_154' title='bbox 51 1399 137 1432; x_wconf 86' lang='lat' dir='ltr'>meri</span> <span class='ocrx_word' id='word_1_155' title='bbox 161 1399 228 1432; x_wconf 85' lang='lat' dir='ltr'>suis</span> <span class='ocrx_word' id='word_1_156' title='bbox 251 1408 328 1431; x_wconf 89' lang='lat' dir='ltr'>sunt</span> <span class='ocrx_word' id='word_1_157' title='bbox 342 1399 451 1432; x_wconf 76' lang='lat' dir='ltr'>notati</span> <span class='ocrx_word' id='word_1_158' title='bbox 475 1399 572 1440; x_wconf 90' lang='lat' dir='ltr'>locis,</span> <span class='ocrx_word' id='word_1_159' title='bbox 595 1412 658 1432; x_wconf 88' lang='lat' dir='ltr'>nec</span> <span class='ocrx_word' id='word_1_160' title='bbox 682 1399 797 1444; x_wconf 90' lang='lat' dir='ltr'>plures</span> <span class='ocrx_word' id='word_1_161' title='bbox 821 1407 898 1431; x_wconf 87' lang='lat' dir='ltr'>sunt</span> <span class='ocrx_word' id='word_1_162' title='bbox 922 1412 1022 1444; x_wconf 86' lang='lat' dir='ltr'>quam</span> <span class='ocrx_word' id='word_1_163' title='bbox 1041 1397 1190 1444; x_wconf 84' lang='lat' dir='ltr'>quinque</span> 
     </span>
     <span class='ocr_line' id='line_1_23' title="bbox 51 1461 1193 1507; baseline -0.002 -11"><span class='ocrx_word' id='word_1_164' title='bbox 51 1471 85 1496; x_wconf 87' lang='lat' dir='ltr'>et</span> <span class='ocrx_word' id='word_1_165' title='bbox 109 1461 237 1504; x_wconf 77' lang='lat' dir='ltr'>viginti.</span> <span class='ocrx_word' id='word_1_166' title='bbox 283 1461 334 1494; x_wconf 76' lang='lat' dir='ltr'>Ex</span> <span class='ocrx_word' id='word_1_167' title='bbox 363 1462 523 1495; x_wconf 88' lang='lat' dir='ltr'>Homiliis</span> <span class='ocrx_word' id='word_1_168' title='bbox 555 1475 636 1495; x_wconf 84' lang='lat' dir='ltr'>vero</span> <span class='ocrx_word' id='word_1_169' title='bbox 669 1461 704 1494; x_wconf 89' lang='lat' dir='ltr'>in</span> <span class='ocrx_word' id='word_1_170' title='bbox 736 1461 922 1506; x_wconf 80' lang='lat' dir='ltr'>prophetae</span> <span class='ocrx_word' id='word_1_171' title='bbox 944 1461 1042 1507; x_wconf 87' lang='lat' dir='ltr'>hujus</span> <span class='ocrx_word' id='word_1_172' title='bbox 1067 1462 1193 1495; x_wconf 86' lang='lat' dir='ltr'>enoda-</span> 
     </span>
     <span class='ocr_line' id='line_1_24' title="bbox 51 1524 1191 1571; baseline -0.002 -13"><span class='ocrx_word' id='word_1_173' title='bbox 51 1525 183 1558; x_wconf 84' lang='lat' dir='ltr'>tionem</span> <span class='ocrx_word' id='word_1_174' title='bbox 206 1524 454 1569; x_wconf 74' lang='lat' dir='ltr'>pronuntiatis,</span> <span class='ocrx_word' id='word_1_175' title='bbox 480 1524 736 1570; x_wconf 81' lang='lat' dir='ltr'>quatuordecim</span> <span class='ocrx_word' id='word_1_176' title='bbox 761 1525 802 1557; x_wconf 80' lang='lat' dir='ltr'>ab</span> <span class='ocrx_word' id='word_1_177' title='bbox 827 1524 1038 1571; x_wconf 75' lang='lat' dir='ltr'>Hieronymo</span> <span class='ocrx_word' id='word_1_178' title='bbox 1064 1524 1191 1557; x_wconf 79' lang='lat' dir='ltr'>Roma-</span> 
     </span>
     <span class='ocr_line' id='line_1_25' title="bbox 52 1587 1190 1633; baseline -0.002 -12"><span class='ocrx_word' id='word_1_179' title='bbox 52 1588 102 1621; x_wconf 83' lang='lat' dir='ltr'>nis</span> <span class='ocrx_word' id='word_1_180' title='bbox 128 1600 308 1620; x_wconf 78' lang='lat' dir='ltr'>conversae</span> <span class='ocrx_word' id='word_1_181' title='bbox 336 1587 444 1619; x_wconf 82' lang='lat' dir='ltr'>verbis</span> <span class='ocrx_word' id='word_1_182' title='bbox 470 1588 504 1619; x_wconf 86' lang='lat' dir='ltr'>in</span> <span class='ocrx_word' id='word_1_183' title='bbox 530 1587 668 1620; x_wconf 78' lang='lat' dir='ltr'>latinam</span> <span class='ocrx_word' id='word_1_184' title='bbox 694 1587 884 1621; x_wconf 80' lang='lat' dir='ltr'>editionem</span> <span class='ocrx_word' id='word_1_185' title='bbox 905 1587 1077 1633; x_wconf 80' lang='lat' dir='ltr'>conjectae</span> <span class='ocrx_word' id='word_1_186' title='bbox 1102 1596 1190 1623; x_wconf 80' lang='lat' dir='ltr'>sunt.</span> 
     </span>
     <span class='ocr_line' id='line_1_26' title="bbox 52 1649 1189 1691; baseline -0.001 -8"><span class='ocrx_word' id='word_1_187' title='bbox 52 1651 100 1683; x_wconf 85' lang='lat' dir='ltr'>Ex</span> <span class='ocrx_word' id='word_1_188' title='bbox 141 1651 207 1682; x_wconf 90' lang='lat' dir='ltr'>hoc</span> <span class='ocrx_word' id='word_1_189' title='bbox 246 1649 403 1691; x_wconf 76' lang='lat' dir='ltr'>origenis</span> <span class='ocrx_word' id='word_1_190' title='bbox 443 1650 522 1682; x_wconf 85' lang='lat' dir='ltr'>loco</span> <span class='ocrx_word' id='word_1_191' title='bbox 560 1651 673 1683; x_wconf 74' lang='lat' dir='ltr'>&#39;si-act.</span> <span class='ocrx_word' id='word_1_192' title='bbox 698 1649 751 1685; x_wconf 82' lang='lat'>29.</span> <span class='ocrx_word' id='word_1_193' title='bbox 794 1663 886 1683; x_wconf 86' lang='lat' dir='ltr'>num.</span> <span class='ocrx_word' id='word_1_194' title='bbox 910 1650 965 1686; x_wconf 72' lang='grc'>40.</span> <span class='ocrx_word' id='word_1_195' title='bbox 1003 1649 1039 1683; x_wconf 86' lang='lat' dir='ltr'>iu</span> <span class='ocrx_word' id='word_1_196' title='bbox 1069 1649 1189 1683; x_wconf 82' lang='lat' dir='ltr'>Matth.</span> 
     </span>
     <span class='ocr_line' id='line_1_27' title="bbox 54 1712 1190 1758; baseline 0 -13"><span class='ocrx_word' id='word_1_197' title='bbox 54 1712 173 1757; x_wconf 75' lang='lat' dir='ltr'>„Quae</span> <span class='ocrx_word' id='word_1_198' title='bbox 197 1722 310 1745; x_wconf 79' lang='lat' dir='ltr'>autem</span> <span class='ocrx_word' id='word_1_199' title='bbox 334 1722 521 1758; x_wconf 81' lang='lat' dir='ltr'>sequuntur</span> <span class='ocrx_word' id='word_1_200' title='bbox 545 1713 578 1745; x_wconf 88' lang='lat' dir='ltr'>in</span> <span class='ocrx_word' id='word_1_201' title='bbox 604 1722 697 1746; x_wconf 72' lang='lat' dir='ltr'>textu</span> <span class='ocrx_word' id='word_1_202' title='bbox 710 1713 874 1753; x_wconf 79' lang='lat' dir='ltr'>Danielis,</span> <span class='ocrx_word' id='word_1_203' title='bbox 897 1713 984 1746; x_wconf 83' lang='lat' dir='ltr'>sicut</span> <span class='ocrx_word' id='word_1_204' title='bbox 1003 1712 1190 1758; x_wconf 83' lang='lat' dir='ltr'>potuimus,</span> 
     </span>
     <span class='ocr_line' id='line_1_28' title="bbox 51 1774 1191 1822; baseline 0 -14"><span class='ocrx_word' id='word_1_205' title='bbox 51 1774 311 1820; x_wconf 70' lang='lat' dir='ltr'>exposuimuszu</span> <span class='ocrx_word' id='word_1_206' title='bbox 347 1775 381 1808; x_wconf 88' lang='lat' dir='ltr'>in</span> <span class='ocrx_word' id='word_1_207' title='bbox 413 1775 594 1809; x_wconf 81' lang='lat' dir='ltr'>Danielem</span> <span class='ocrx_word' id='word_1_208' title='bbox 623 1775 753 1820; x_wconf 79' lang='lat' dir='ltr'>aliquid</span> <span class='ocrx_word' id='word_1_209' title='bbox 785 1777 826 1809; x_wconf 74' lang='lat' dir='ltr'>ab</span> <span class='ocrx_word' id='word_1_210' title='bbox 859 1775 933 1822; x_wconf 89' lang='lat' dir='ltr'>ipso</span> <span class='ocrx_word' id='word_1_211' title='bbox 959 1775 1191 1821; x_wconf 83' lang='lat' dir='ltr'>compositum</span> 
     </span>
     <span class='ocr_line' id='line_1_29' title="bbox 52 1837 1190 1885; baseline 0 -14"><span class='ocrx_word' id='word_1_212' title='bbox 52 1839 154 1872; x_wconf 88' lang='lat' dir='ltr'>suisse</span> <span class='ocrx_word' id='word_1_213' title='bbox 179 1837 354 1871; x_wconf 85' lang='lat' dir='ltr'>discimus:</span> <span class='ocrx_word' id='word_1_214' title='bbox 382 1847 414 1870; x_wconf 90' lang='lat' dir='ltr'>et</span> <span class='ocrx_word' id='word_1_215' title='bbox 439 1851 456 1870; x_wconf 89' lang='lat' dir='ltr'>e</span> <span class='ocrx_word' id='word_1_216' title='bbox 480 1838 666 1872; x_wconf 89' lang='lat' dir='ltr'>Prooemio</span> <span class='ocrx_word' id='word_1_217' title='bbox 691 1851 827 1883; x_wconf 89' lang='lat' dir='ltr'>quoque</span> <span class='ocrx_word' id='word_1_218' title='bbox 845 1838 1045 1885; x_wconf 71' lang='lat' dir='ltr'>Hieronymi</span> <span class='ocrx_word' id='word_1_219' title='bbox 1062 1839 1105 1872; x_wconf 79' lang='lat' dir='ltr'>ad</span> <span class='ocrx_word' id='word_1_220' title='bbox 1129 1851 1190 1871; x_wconf 89' lang='lat' dir='ltr'>un-</span> 
     </span>
     <span class='ocr_line' id='line_1_30' title="bbox 54 1900 1189 1947; baseline 0.001 -14"><span class='ocrx_word' id='word_1_221' title='bbox 54 1901 224 1934; x_wconf 83' lang='lat' dir='ltr'>decimum</span> <span class='ocrx_word' id='word_1_222' title='bbox 248 1900 581 1935; x_wconf 79' lang='lat' dir='ltr'>Commentariorum</span> <span class='ocrx_word' id='word_1_223' title='bbox 605 1902 640 1934; x_wconf 92' lang='lat' dir='ltr'>in</span> <span class='ocrx_word' id='word_1_224' title='bbox 664 1901 802 1942; x_wconf 78' lang='lat' dir='ltr'>Isaiam,</span> <span class='ocrx_word' id='word_1_225' title='bbox 841 1901 877 1934; x_wconf 91' lang='lat' dir='ltr'>in</span> <span class='ocrx_word' id='word_1_226' title='bbox 910 1914 978 1947; x_wconf 91' lang='lat' dir='ltr'>quo</span> <span class='ocrx_word' id='word_1_227' title='bbox 1015 1901 1081 1941; x_wconf 82' lang='lat' dir='ltr'>ait,</span> <span class='ocrx_word' id='word_1_228' title='bbox 1118 1914 1189 1934; x_wconf 85' lang='lat' dir='ltr'>sese</span> 
     </span>
     <span class='ocr_line' id='line_1_31' title="bbox 55 1962 1191 2009; baseline 0 -13"><span class='ocrx_word' id='word_1_229' title='bbox 55 1962 237 2005; x_wconf 81' lang='lat' dir='ltr'>Origenem</span> <span class='ocrx_word' id='word_1_230' title='bbox 271 1976 348 1997; x_wconf 85' lang='lat' dir='ltr'>cum</span> <span class='ocrx_word' id='word_1_231' title='bbox 379 1963 452 1997; x_wconf 84' lang='lat' dir='ltr'>aliis</span> <span class='ocrx_word' id='word_1_232' title='bbox 482 1964 585 1998; x_wconf 78' lang='lat' dir='ltr'>fuisse</span> <span class='ocrx_word' id='word_1_233' title='bbox 610 1973 808 1998; x_wconf 72' lang='lat' dir='ltr'>assectatum</span> <span class='ocrx_word' id='word_1_234' title='bbox 833 1963 868 1997; x_wconf 86' lang='lat' dir='ltr'>in</span> <span class='ocrx_word' id='word_1_235' title='bbox 891 1963 1116 2009; x_wconf 85' lang='lat' dir='ltr'>Expositione</span> <span class='ocrx_word' id='word_1_236' title='bbox 1140 1976 1191 1996; x_wconf 85' lang='lat' dir='ltr'>se—</span> 
     </span>
     <span class='ocr_line' id='line_1_32' title="bbox 54 2024 1190 2071; baseline 0.001 -15"><span class='ocrx_word' id='word_1_237' title='bbox 54 2024 226 2069; x_wconf 77' lang='lat' dir='ltr'>ptuaginta</span> <span class='ocrx_word' id='word_1_238' title='bbox 250 2026 554 2060; x_wconf 78' lang='lat' dir='ltr'>hebdomadarum:</span> <span class='ocrx_word' id='word_1_239' title='bbox 591 2025 654 2059; x_wconf 85' lang='lat' dir='ltr'>nisi</span> <span class='ocrx_word' id='word_1_240' title='bbox 688 2026 760 2071; x_wconf 89' lang='lat' dir='ltr'>quis</span> <span class='ocrx_word' id='word_1_241' title='bbox 791 2025 872 2059; x_wconf 86' lang='lat' dir='ltr'>haec</span> <span class='ocrx_word' id='word_1_242' title='bbox 894 2025 927 2058; x_wconf 86' lang='lat' dir='ltr'>in</span> <span class='ocrx_word' id='word_1_243' title='bbox 951 2025 1025 2058; x_wconf 87' lang='lat' dir='ltr'>aliis</span> <span class='ocrx_word' id='word_1_244' title='bbox 1050 2026 1190 2058; x_wconf 86' lang='lat' dir='ltr'>fortasse</span> 
     </span>
     <span class='ocr_line' id='line_1_33' title="bbox 56 2086 1191 2131; baseline 0.001 -13"><span class='ocrx_word' id='word_1_245' title='bbox 56 2086 150 2119; x_wconf 89' lang='lat' dir='ltr'>libris</span> <span class='ocrx_word' id='word_1_246' title='bbox 174 2087 285 2121; x_wconf 89' lang='lat' dir='ltr'>obiter</span> <span class='ocrx_word' id='word_1_247' title='bbox 308 2090 349 2121; x_wconf 82' lang='lat' dir='ltr'>ab</span> <span class='ocrx_word' id='word_1_248' title='bbox 375 2088 521 2131; x_wconf 84' lang='lat' dir='ltr'>Origene</span> <span class='ocrx_word' id='word_1_249' title='bbox 547 2097 685 2122; x_wconf 74' lang='lat' dir='ltr'>tractata</span> <span class='ocrx_word' id='word_1_250' title='bbox 710 2089 812 2121; x_wconf 80' lang='lat' dir='ltr'>fuisse</span> <span class='ocrx_word' id='word_1_251' title='bbox 845 2088 944 2121; x_wconf 81' lang='lat' dir='ltr'>dicat.</span> <span class='ocrx_word' id='word_1_252' title='bbox 992 2088 1105 2121; x_wconf 84' lang='lat' dir='ltr'>Multo</span> <span class='ocrx_word' id='word_1_253' title='bbox 1132 2087 1191 2129; x_wconf 83' lang='lat' dir='ltr'>igi-</span> 
     </span>
     <span class='ocr_line' id='line_1_34' title="bbox 55 2148 1190 2191; baseline 0.001 -11"><span class='ocrx_word' id='word_1_254' title='bbox 55 2157 110 2181; x_wconf 85' lang='lat' dir='ltr'>tur</span> <span class='ocrx_word' id='word_1_255' title='bbox 133 2149 243 2181; x_wconf 88' lang='lat' dir='ltr'>minus</span> <span class='ocrx_word' id='word_1_256' title='bbox 267 2151 348 2183; x_wconf 79' lang='lat' dir='ltr'>haec</span> <span class='ocrx_word' id='word_1_257' title='bbox 372 2151 552 2191; x_wconf 78' lang='lat' dir='ltr'>addocent,</span> <span class='ocrx_word' id='word_1_258' title='bbox 577 2151 788 2185; x_wconf 80' lang='lat' dir='ltr'>Homiliasne</span> <span class='ocrx_word' id='word_1_259' title='bbox 813 2163 853 2185; x_wconf 81' lang='lat' dir='ltr'>an</span> <span class='ocrx_word' id='word_1_260' title='bbox 879 2149 1132 2185; x_wconf 78' lang='lat' dir='ltr'>commentaria</span> <span class='ocrx_word' id='word_1_261' title='bbox 1155 2148 1190 2182; x_wconf 90' lang='lat' dir='ltr'>in</span> 
     </span>
     <span class='ocr_line' id='line_1_35' title="bbox 56 2210 1190 2255; baseline 0.002 -11"><span class='ocrx_word' id='word_1_262' title='bbox 56 2210 236 2244; x_wconf 79' lang='lat' dir='ltr'>Danielem</span> <span class='ocrx_word' id='word_1_263' title='bbox 262 2213 414 2247; x_wconf 85' lang='lat' dir='ltr'>ediderit.</span> <span class='ocrx_word' id='word_1_264' title='bbox 463 2213 622 2248; x_wconf 85' lang='lat' dir='ltr'>Ceterum</span> <span class='ocrx_word' id='word_1_265' title='bbox 659 2227 737 2248; x_wconf 88' lang='lat' dir='ltr'>cum</span> <span class='ocrx_word' id='word_1_266' title='bbox 766 2214 1003 2249; x_wconf 85' lang='lat' dir='ltr'>novemdecim</span> <span class='ocrx_word' id='word_1_267' title='bbox 1034 2211 1190 2255; x_wconf 74' lang='lat' dir='ltr'>Origenis</span> 
     </span>
    </p>
   </div>
   <div class='ocr_carea' id='block_1_3' title="bbox 57 2274 1190 2329">
    <p class='ocr_par' dir='ltr' id='par_1_4' title="bbox 57 2274 1190 2329">
     <span class='ocr_line' id='line_1_36' title="bbox 57 2274 1190 2329; baseline 0.004 -19"><span class='ocrx_word' id='word_1_268' title='bbox 57 2274 224 2310; x_wconf 68' lang='lat' dir='ltr'>Homilias</span> <span class='ocrx_word' id='word_1_269' title='bbox 248 2274 282 2310; x_wconf 85' lang='lat' dir='ltr'>in</span> <span class='ocrx_word' id='word_1_270' title='bbox 306 2274 506 2321; x_wconf 68' lang='lat' dir='ltr'>Jerentiam,</span> <span class='ocrx_word' id='word_1_271' title='bbox 537 2278 622 2313; x_wconf 73' lang='lat' dir='ltr'>falso</span> <span class='ocrx_word' id='word_1_272' title='bbox 649 2278 778 2329; x_wconf 73' lang='lat' dir='ltr'>Cyrillo</span> <span class='ocrx_word' id='word_1_273' title='bbox 805 2278 988 2327; x_wconf 74' lang='lat' dir='ltr'>adscriptas</span> <span class='ocrx_word' id='word_1_274' title='bbox 1012 2288 1030 2313; x_wconf 81' lang='lat' dir='ltr'>e</span> <span class='ocrx_word' id='word_1_275' title='bbox 1054 2275 1190 2315; x_wconf 76' lang='lat' dir='ltr'>scoria-</span> 
     </span>
    </p>
   </div>
  </div>
 </body>
</html>
