1413 2482
205 65 272 103 296
543 66 577 98 S.
607 65 782 99 mmmm
817 65 851 98 M
858 75 1003 100 Awrnus

213 155 428 203 judicaverit,
459 154 630 188 obtinere:
670 156 827 201 profecto
862 156 940 202 quia
974 168 1036 189 nec
1069 155 1178 200 ipsum
1209 155 1342 194 latebat,

215 219 307 263 quod
331 230 399 250 non
424 217 548 258 omnia,
573 230 658 263 quae
683 227 844 259 moverat,
869 219 923 250 vel
948 217 1163 257 discusserat,
1186 217 1344 262 probabi-

215 279 260 312 lia
283 279 336 311 vel
360 280 423 312 fixa
446 280 561 313 haberi
587 280 766 320 deberent,
797 293 860 324 pro
893 293 933 312 eo
961 280 1053 325 quod
1078 279 1184 312 multa
1206 279 1343 325 mystica

215 341 249 374 in
275 341 458 387 Scripturis
482 341 619 383 sanctis,
644 351 677 374 et
701 341 735 374 in
758 352 889 375 secreto
914 342 1090 375 recondita
1116 353 1185 373 esse
1208 341 1344 373 credan-

217 412 282 436 tur.
329 404 421 437 lllud
453 403 598 448 denique
632 402 701 448 ejus
732 403 760 436 si
791 403 950 436 intentius
979 404 1206 442 advertamus,
1245 415 1344 447 quam

218 464 345 507 integre
371 475 404 498 et
428 464 592 498 catholice
617 464 659 497 de
684 465 839 498 omnibus
863 465 1056 498 tractatibus
1079 467 1146 498 suis
1170 465 1203 497 in
1219 464 1347 508 praesa-

217 526 312 560 tione
336 540 455 560 eorum
481 527 646 559 librorum
671 539 755 571 quos
779 527 812 559 in
837 527 998 561 Genesim
1022 527 1148 567 scribit,
1182 535 1347 571 protesta-

218 596 271 621 tus
296 598 355 627 est,
380 602 516 622 omnem
541 587 610 633 ejus
633 601 767 621 sensum
792 602 829 621 ex
857 590 922 621 hoc
946 590 1046 622 facile
1070 599 1318 631 cognoscemus.

287 650 534 687 ORIGENES.
561 649 691 695 »Nisi¹)
707 651 950 696 omnimodis&
967 651 1053 696 pigri
1068 663 1223 690 essemus,
1236 662 1274 682 ac
1288 650 1347 682 de-

218 711 325 752 sides,
358 726 400 745 ne
439 713 478 745 ad
509 712 747 757 inquirendum
779 713 915 759 quidem
951 713 1111 746 accedere
1141 713 1282 745 domino
1315 720 1349 744 et

218 773 394 807 Salvatore
419 784 536 808 nostro
561 776 603 808 ad
627 776 692 808 hoc
715 770 777 808 nos
808 785 1032 820 provocante,
1062 775 1220 820 profecto
1250 786 1347 806 revo-

221 848 386 870 cassemus
418 837 561 882 pedem,
593 836 840 870 considerantes
871 839 964 883 quod
995 838 1094 880 longe
1118 836 1220 869 simus
1244 837 1285 868 ab
1310 848 1347 868 ea

220 898 447 940 magnitudine
477 898 659 944 spiritualis
691 899 947 941 intelligentiae,
979 899 1089 943 qua3)
1121 899 1162 931 de
1187 908 1253 931 tarn
1279 911 1348 930 ma-

221 960 292 1002 gnis
316 961 415 994 rebus
439 961 627 1003 investigari
653 961 774 994 debeat
796 961 1018 995 intellectus.«

287 1022 566 1056 PAMPHILUS.
602 1022 645 1054 Et
669 1023 771 1067 paulo
796 1031 875 1067 post
898 1022 952 1055 ait.

287 1083 532 1117 ORIGENES.
570 1084 628 1117 »Si
642 1084 675 1128 ⁴)
701 1083 756 1116 cui
780 1096 859 1116 vero
883 1083 918 1116 in
943 1083 1185 1129 disceptatione
1209 1084 1350 1128 prolun-

223 1144 303 1177 dum
327 1144 455 1190 aliquid
481 1145 676 1186 occurrerit,
701 1146 742 1178 de
767 1145 832 1179 hoc
856 1146 1036 1179 dicendum
1056 1147 1192 1192 quidem
1209 1155 1268 1186 est,
1291 1146 1348 1178 sed

221 1219 291 1239 non
317 1220 393 1239 cum
418 1207 511 1240 omni
535 1208 768 1241 affirmatione.
814 1209 890 1241 Hoc
916 1209 1004 1241 enim
1021 1219 1076 1242 aut
1097 1208 1265 1241 temerarii
1289 1209 1350 1240 ho-

222 1268 321 1301 minis
345 1278 405 1309 est,
430 1271 508 1315 et⁵)
532 1269 612 1315 ejus,
638 1270 695 1315 qui
719 1283 851 1303 sensum
871 1270 1035 1304 humanae
1049 1270 1251 1303 infirmitatis
1274 1283 1350 1314 per-

223 1330 358 1373 diderit,
383 1331 574 1376 oblitusque
598 1333 649 1365 sui
672 1332 730 1365 sit:
755 1328 812 1365 aiu
836 1342 925 1364 certe
944 1333 1173 1377 perfectorum
1188 1332 1349 1372 virorum,

224 1402 258 1426 et
280 1406 410 1433 eorum,
434 1393 492 1439 qui
517 1394 725 1427 confidenter
749 1407 783 1428 se
808 1395 913 1428 sciant
935 1395 976 1428 ab
1002 1394 1076 1439 ipso
1101 1394 1243 1427 domino
1267 1395 1349 1427 Jesu

226 1455 400 1496 didicisse,
424 1455 460 1489 id
486 1466 551 1496 est,
575 1469 593 1489 a
613 1457 730 1489 'Verbo
756 1457 921 1497 veritatis,
954 1466 986 1489 et
1010 1457 1050 1489 ab
1074 1457 1143 1502 ipsa
1168 1456 1349 1501 Sapientia,

321 1624 352 1666 ¹)
378 1624 424 1658 Ita
450 1624 530 1657 editi
555 1625 601 1669 (v.
628 1638 653 1657 c.
681 1625 755 1657 edd.
784 1625 849 1679 Μ.)
875 1625 954 1657 Mss.
969 1637 1048 1657 vero
1066 1625 1235 1670 plerique:
1263 1628 1348 1660 Ori-

223 1681 322 1712 9enes
346 1671 385 1703 de
411 1672 632 1714 Praefalione
655 1661 819 1704 librorum
843 1672 880 1703 in
908 1671 1072 1711 Genesim
1096 1670 1153 1712 (al
1168 1673 1219 1704 1)(
1237 1672 1347 1705 Prae-

223 1716 354 1767 fatique
385 1716 549 1750 librorum
582 1717 739 1760 Oriyeiiis
769 1718 808 1748 in
842 1717 1014 1758 Genesin.)
1044 1717 1120 1748 nisi
1153 1719 1349 1751 omnimodis

220 1761 316 1804 piqri.
339 1768 458 1803 essent,
484 1761 543 1805 (al.
568 1763 644 1795 nisi
666 1762 860 1794 omnimodis
884 1762 1022 1804 quidam
1037 1763 1132 1837 gyri
1156 1769 1282 1796 essent:
1306 1763 1346 1796 al.

221 1806 316 1849 piyri
339 1813 448 1838 essent
469 1807 630 1850 inqenii,)
655 1813 685 1839 et
699 1807 828 1839 desides
841 1815 901 1838 etc.
918 1805 958 1838 R.
976 1823 1015 1828 -
1078 1816 1202 1839 esumta
1228 1807 1347 1840 haecce

224 1859 301 1883 sunt
325 1862 362 1882 ex
388 1851 599 1883 praefatione
631 1851 795 1883 librorum
821 1850 913 1891 Orig.
944 1850 977 1882 in
1003 1849 1160 1884 Genesin.
1199 1852 1266 1886 Cfr.
1294 1853 1346 1885 ed.

223 1904 326 1928 nostr.
351 1895 450 1928 T.om
476 1897 565 1928 Vlli.
590 1909 663 1940 pag.
690 1897 718 1930 1.

315 1950 348 1994 ²)
372 1951 458 1984 Edd.
484 1952 530 1985 Μ.
555 1954 643 1984 omni
667 1953 769 1986 modo.

318 2007 352 2051 ³)
377 2008 486 2041 Alias:
516 2020 602 2052 quae
633 2009 672 2040 (Ie
705 2015 820 2040 tantae
850 2010 1094 2053 maynitudinis
1125 2009 1224 2043 rebus
1248 2011 1345 2043 inre-

227 2055 355 2097 sliyare
387 2063 448 2086 etc.
475 2054 513 2087 R.
536 2075 579 2083 ..-
604 2053 689 2085 Edd.
725 2053 770 2086 M.
801 2066 887 2097 qitae
918 2056 956 2087 de
988 2061 1056 2088 lam.
1086 2057 1217 2099 nmquis
1250 2056 1347 2089 rebus

225 2101 429 2143 investiqare
452 2108 515 2134 etc.

319 2153 352 2196 ⁴¹)
376 2154 535 2187 Desumta
565 2154 644 2186 haec
669 2168 803 2200 quoque
830 2165 910 2187 sunt
941 2169 977 2188 ex
1003 2157 1213 2190 praefatione
1245 2156 1346 2189 libro-

227 2212 300 2232 rum
323 2199 461 2242 Orig.1n
480 2200 635 2233 Genesin.
661 2201 729 2234 Cir.
755 2202 805 2233 cd.
831 2211 933 2234 nostr.
960 2202 1047 2234 'som
1073 2202 1163 2236 Vlli.
1186 2215 1257 2246 pag.
1275 2202 1304 2236 2.
1316 2202 1345 2237 3.

321 2256 352 2299 5)
377 2256 479 2290 Deest
505 2263 535 2290 el
559 2256 591 2288 in
617 2256 691 2289 cdd
719 2257 765 2290 M
