1422 2472
348 81 418 107 rno
446 72 613 107 officum:
639 72 861 108 Anmomrio.
1112 76 1181 112 27?

37 163 72 197 in
93 162 191 196 novis
216 163 344 197 actibus
368 162 572 203 incedentes,
597 171 631 196 et
653 162 688 196 in
701 163 778 196 Deo
803 173 1072 209 permanentes«
1111 167 1180 202 Vix

36 224 178 259 dubium
203 234 261 266 est,
287 225 367 270 quin
392 226 433 258 ad
458 226 546 258 hunc
571 234 777 266 contextum,
803 235 835 258 et
859 227 900 260 ad
925 239 1052 273 paucos
1078 243 1182 276 quos-

37 289 113 322 dam
137 288 278 321 fortasse
302 287 427 321 similes
452 287 631 320 attenderit
658 287 906 334 Hieronymus,
939 303 1017 323 cum
1040 290 1089 324 ait.
1109 293 1181 326 Ru-

36 351 142 384 finum
174 351 352 396 plerasque
383 348 627 394 blasphemias,
666 362 750 394 quae
784 350 825 383 de
856 350 948 384 Filio
982 361 1016 386 et
1046 353 1180 399 Spiritu

37 421 152 445 sancto
177 411 211 445 in
235 411 374 445 Eusebii
398 420 490 445 textu
515 412 766 456 comparebant,
792 413 982 454 detraxisse,
1007 422 1041 447 et
1066 415 1101 448 in
1117 417 1181 448 bo-

36 487 113 508 nam
142 483 275 520 partem
307 482 540 507 commutasse.
596 473 754 506 Forsitan
786 474 876 508 dicas
899 475 974 508 {ieri
996 489 1118 521 posse,
1143 487 1182 511 ut

36 536 233 581 Pamphilus
259 545 292 569 et
314 536 490 577 Eusebius,
513 535 666 568 nondum
692 535 942 580 quaestionibus
968 538 1010 570 de
1028 538 1123 572 Filio
1149 548 1183 573 et

37 598 168 644 Spiritu
191 608 306 632 sancto
332 608 509 643 tantopere
533 611 593 630 sua
617 606 724 630 aetate
750 598 895 640 agitatis,
929 597 1092 634 clariores
1128 615 1183 634 ex-

34 661 287 707 pressioresque
312 660 466 703 Origenis
499 661 540 692 de
576 659 740 693 Trinitate
772 669 948 694 contextus
979 674 1049 695 non
1076 672 1183 697 extra-

35 723 163 764 xerint,
196 736 343 768 quorum
367 723 445 756 loco
471 722 555 755 alios
580 722 768 766 expressius
793 723 1182 759 consubstantialitatem

35 787 218 831 probantes
247 785 389 818 Rufinus
426 785 515 817 sorte
552 784 774 820 substituerit.
836 786 949 831 Atque
979 785 1016 818 id
1043 787 1181 831 quidem

36 847 183 881 indicare
212 847 347 880 videtur
376 845 609 891 Hieronymus
640 847 698 880 lib.
724 847 750 881 I.
782 848 912 882 advers.
942 847 1106 882 Rufinum
1131 849 1182 883 his

36 910 163 943 verbis:
197 909 404 954 »Paucisque
433 907 638 942 testimoniis
670 909 902 951 commutatis,
944 923 1028 956 quae
1053 910 1181 945 sciebas

36 971 247 1016 displicitura
279 970 462 1011 Romanis,
499 980 610 1004 cetera
642 970 738 1016 (libri
767 972 870 1017 primi
893 971 1048 1018 Eusebii)
1073 987 1182 1019 usque

37 1035 79 1066 ad
103 1034 204 1066 finem
228 1033 356 1075 integra
381 1032 568 1065 dimisisti.«
617 1033 715 1066 Idem
739 1034 887 1079 apertius
911 1034 1024 1068 innuit
1049 1036 1085 1068 in
1109 1036 1183 1081 epi-

37 1096 125 1129 stola
148 1096 190 1128 ad
212 1094 467 1128 Pammachium
492 1104 525 1127 et
548 1094 735 1130 Oceanum.
782 1096 855 1130 Imo
872 1096 925 1129 vix
946 1096 1121 1130 continere
1146 1110 1182 1131 se

37 1166 150 1203 potest
176 1157 210 1189 in
234 1157 296 1190 hac
320 1157 439 1190 eadem
465 1156 624 1202 epistola,
661 1158 739 1203 quin
765 1158 806 1191 ab
832 1158 898 1191 alio
923 1158 1080 1204 quolibet
1102 1159 1184 1193 scri-

37 1230 136 1266 ptore
162 1232 263 1265 quam
285 1218 455 1259 Eusebio,
494 1219 623 1253 scilicet
654 1220 708 1253 vel
740 1220 913 1267 Didymo,
951 1220 1004 1253 vel
1034 1219 1183 1266 ipsomet

36 1282 180 1322 Rufino,
222 1290 335 1314 totum
374 1281 462 1313 hunc
505 1281 630 1314 librum
670 1282 758 1316 dicat
797 1282 901 1315 fuisse
937 1283 1180 1328 compositum.

38 1343 193 1384 »Porro,
229 1342 356 1388 inquit,
398 1343 491 1388 quod
519 1343 737 1388 Pamphilum
761 1345 943 1389 proferunt
966 1345 1181 1379 laudatorem

36 1406 126 1453 ejus,
165 1405 354 1451 (Origenis)
388 1405 505 1447 gratias
540 1405 607 1438 illis
639 1419 700 1449 ago
725 1420 803 1440 meo
827 1392 987 1448 nomine,
1012 1408 1106 1452 quod
1131 1409 1182 1441 di-

37 1482 138 1514 gnum
162 1481 217 1501 me
241 1476 456 1512 putaverunt,
482 1481 584 1513 quem
611 1482 687 1502 cum
707 1470 858 1516 Martyre
884 1469 1178 1505 calumniarentur.

38 1532 76 1566 Si
101 1531 190 1565 enim
215 1531 256 1563 ab
281 1530 425 1564 inimicis
453 1530 609 1572 Origenis
644 1531 750 1566 libros
781 1531 851 1578 ejus
878 1531 989 1565 dicitis
1014 1545 1085 1565 esse
1107 1532 1182 1566 vio-

39 1595 142 1635 latos,
171 1602 210 1626 ut
234 1593 499 1633 infamarentur,
531 1605 632 1638 quare
656 1593 740 1626 mihi
763 1607 833 1627 non
857 1594 958 1627 liceat
982 1594 1114 1635 dicere,
1138 1597 1180 1628 ab

38 1657 152 1691 amicis
177 1656 248 1700 ejus
273 1665 306 1688 et
337 1655 559 1689 sectatoribus
593 1656 821 1700 compositum
853 1669 923 1690 esse
953 1657 1016 1689 sub
1040 1646 1180 1691 nomine

38 1718 209 1764 Pamphili
240 1719 418 1760 volumen,
455 1718 548 1764 quod
583 1718 681 1750 illum
712 1717 908 1751 testimonio
946 1719 1104 1766 Martyris
1136 1721 1178 1753 ab

40 1782 176 1817 infamia
199 1780 409 1814 vindicaret?
431 1781 520 1815 Ecce
544 1793 604 1814 vos
630 1780 813 1813 emendatis
837 1780 871 1813 in
892 1780 1047 1824 Origenis
1071 1781 1177 1823 libris,

41 1846 134 1891 quod
158 1844 217 1877 ille
241 1857 310 1877 non
333 1844 488 1889 scripsit;
514 1853 547 1876 et
569 1842 749 1883 miramini,
773 1843 801 1875 si
819 1843 895 1875 edat
906 1843 1027 1888 aliquis
1041 1844 1179 1886 librum,

42 1921 142 1953 quem
167 1907 224 1939 ille
247 1920 316 1940 non
342 1907 469 1940 edidit?
497 1907 567 1939 Vos
590 1907 626 1940 in
651 1906 742 1939 edito
769 1918 873 1951 opere
897 1906 1039 1951 potestis
1063 1907 1178 1940 redar-

42 1970 112 2013 gui:
145 1969 221 2009 ille,
246 1969 303 2014 qui
326 1969 409 2002 nihil
433 1968 523 2001 aliud
548 1968 672 2009 edidit,
704 1968 836 2001 facilius
861 1977 955 2013 patet
978 1969 1176 2002 calumniae.

41 2034 131 2066 Date
162 2031 340 2076 quodlibet
369 2031 461 2065 aliud
491 2045 577 2077 opus
599 2031 780 2077 Pamphili.
833 2032 1005 2075 Nusquam
1030 2031 1180 2076 reperie-

44 2095 96 2129 tis.
143 2095 220 2128 Hoc
244 2107 348 2126 unum
373 2103 430 2127 est.
478 2093 579 2127 Unde
608 2094 709 2136 igitur
733 2093 854 2136 sciam,
887 2094 979 2138 quod
1003 2093 1178 2138 Pamphili

43 2157 108 2192 sit?
148 2156 316 2189 Videlicet
345 2156 448 2202 stylus
481 2166 513 2189 et
543 2156 646 2190 saliva
671 2157 793 2189 docere
817 2168 872 2189 me
897 2155 1048 2201 poterit?
1085 2156 1179 2189 Nun-

45 2233 143 2266 quam
169 2219 312 2259 credmn,
337 2219 429 2264 quod
454 2219 572 2251 doctus
598 2218 647 2252 vir
670 2219 797 2264 primos
830 2217 952 2260 ingenii
976 2217 1027 2251 sui
1051 2217 1178 2254 fructus

45 2281 295 2334 quaestionibus
321 2290 354 2317 et
378 2281 532 2319 infamiae
557 2281 721 2318 dedicarit
741 2307 751 2318 .
768 2309 773 2322 ,
793 2307 801 2318 .
847 2281 961 2317 Unum
987 2294 1076 2317 nunc
1098 2294 1179 2334 pro-
