1413 2482
150 79 218 114 216
487 81 601 115 Pss'rm
625 82 799 115 Dmuzns
822 81 954 115 Hos-ru

158 167 250 210 genis
280 169 488 202 mentionem
520 171 610 215 apud
643 171 783 204 Veteres
814 169 960 203 invenio.
1006 168 1106 205 Philo
1137 169 1285 203 Judaeus

160 229 313 263 ediderat
349 230 474 264 librum
511 232 758 265 Hebraicorum
798 233 975 265 nominum
1005 231 1135 264 Veteris
1169 231 1286 264 Testa-

159 291 276 330 menti,
300 304 485 337 eorumque
503 294 722 342 etymologias
743 304 775 327 et
795 292 1089 338 interpretationes
1105 292 1289 338 adjecerat:

162 365 263 396 quem
281 353 404 386 librum
431 354 530 388 latina
557 355 709 389 oratione
724 356 950 401 Hieronymus
976 353 1146 399 expressit..
1183 353 1289 398 Quod

164 413 197 446 in
223 414 441 449 Testamento
467 417 581 450 Veteri
606 419 731 450 fecerat
754 417 874 457 Philo,
899 416 989 449 idem
1014 415 1048 448 in
1073 416 1171 448 Novo
1195 416 1289 448 faeti-

165 475 247 509 tavit
271 476 453 519 Origenes,
477 492 642 524 suumque
668 493 753 524 opus
777 480 816 512 ad
841 491 927 523 opus
951 476 1103 510 Philonis
1126 475 1292 522 adjunxit;

165 536 199 570 in
237 551 346 584 eoque
380 540 625 588 Hieronymum
660 542 866 575 imitatorem
897 539 1031 573 habuit:
1071 537 1162 584 cujus
1192 538 1293 571 verba

165 598 247 633 haec
270 611 348 635 sunt
370 602 403 635 in
428 604 573 637 Praefat.
599 605 640 637 ad
664 604 789 637 librum
816 602 974 637 Hebraic.
998 600 1183 634 nominum.
1221 602 1292 633 »Ac

166 674 208 694 ne
245 663 334 696 sorte
371 675 603 699 consummato
644 666 799 699 aedificio
843 664 936 710 quasi
977 673 1123 696 extrema
1164 662 1295 695 deesset

167 737 302 766 manus,
334 727 424 760 Novi
456 729 664 762 Testamenti
688 727 789 761 verba
825 736 858 760 et
887 725 1027 760 nomina
1056 724 1294 769 interpretatus

167 799 263 827 sum,
285 788 411 823 imitari
434 791 552 823 volens
577 803 615 823 ex
639 789 950 835 parte,Origenem,
975 799 1075 832 quem
1099 795 1178 831 post
1199 786 1295 830 Apo-

166 849 274 882 stolos
299 851 516 885 ecclesiarum
541 853 735 895 magistrum
765 863 866 883 nemo
901 848 964 882 nisi
989 847 1165 892 imperitus
1187 855 1294 889 negat.

168 911 262 944 Inter
286 921 395 946 cetera
420 915 508 947 enim
532 914 658 958 ingenii
682 914 734 947 sui
758 913 929 958 praeclara
953 914 1172 943 monumenta
1195 909 1296 941 etiam

167 971 202 1004 in
227 973 292 1006 hoc
315 974 500 1017 laboravit,
529 983 568 1009 u't
591 977 683 1021 quod
707 974 808 1008 Philo
841 973 934 1019 quasi
957 972 1105 1006 ,Iudaeus
1129 971 1297 1011 omiserat,

169 1035 224 1068 hic
262 1046 299 1069 ut
332 1037 537 1071 Christianus
572 1038 771 1082 impleret.«
825 1035 920 1068 Libri
958 1033 1108 1080 ejusdem
1143 1032 1297 1066 meminit

169 1106 288 1130 auctor
313 1097 559 1142 Quaestionum
590 1100 632 1132 ad
664 1097 902 1136 Orfflodoxos,
934 1096 990 1141 qui
1021 1095 1106 1128 salso
1138 1094 1298 1127 tribuitur

170 1159 323 1201 Justino,
356 1160 496 1205 Quaest.
520 1161 574 1197 82.
605 1170 639 1194 et
662 1160 736 1200 86,
768 1160 801 1192 in
834 1171 942 1204 eoque
973 1166 1109 1202 praeter
1134 1155 1300 1189 Hebraica

169 1220 318 1264 nomina,
343 1236 515 1256 mensuras
540 1223 640 1256 etiam
666 1222 899 1266 interpretatas
926 1231 995 1252 esse
1020 1219 1131 1251 docet.
1177 1217 1300 1250 Videat

171 1296 250 1327 ergo
276 1284 428 1326 Rufinus,
454 1298 517 1330 qua
541 1285 609 1318 fide
633 1284 804 1329 scripserit
830 1283 956 1315 lnvect.
974 1281 1005 1315 2.
1030 1280 1064 1313 in
1088 1279 1299 1326 Hieronym.,

169 1358 210 1378 ne
235 1360 340 1380 unum
365 1347 501 1392 quidem
527 1347 721 1391 Scripturae
745 1346 887 1378 verbum
912 1342 1095 1385 Origenem
1120 1340 1267 1374 vertisse.

260 1408 353 1443 VIII.
388 1409 528 1442 Librum
566 1409 606 1442 de
640 1408 803 1442 Oratione
836 1405 983 1438 emisisse
1019 1403 1200 1445 Origenem
1229 1414 1300 1435 me-

170 1469 297 1503 moriae
329 1471 483 1516 prodidit
513 1470 710 1517 Pamphilus
742 1469 776 1501 in
810 1466 1054 1512 Apologetico:
1105 1463 1299 1509 »Denique,

172 1530 298 1576 inquit,
323 1532 357 1566 in
382 1543 451 1567 tam
476 1533 611 1572 multis,
637 1541 670 1565 et
694 1541 762 1564 tam
787 1529 925 1563 diversis
950 1528 1021 1574 ejus
1046 1525 1237 1572 (Origenis)
1262 1525 1301 1558 li-

170 1593 238 1626 bris
262 1607 424 1640 nusquam
450 1596 590 1629 omnino
615 1593 786 1631 invenitur
808 1604 893 1624 unus
918 1592 959 1623 ab
984 1602 1024 1622 eo
1050 1587 1136 1620 liber
1159 1587 1299 1632 proprie

173 1655 216 1687 de
240 1657 362 1690 Anima
387 1658 616 1703 conscriptus,
647 1656 733 1689 sicut
757 1655 857 1687 habet
881 1653 935 1685 vel
965 1652 1007 1684 de
1031 1649 1213 1695 Martyria,
1243 1648 1298 1681 vel

174 1716 216 1748 de
241 1717 425 1762 Oratione,
457 1720 512 1753 vel
537 1721 578 1753 de
601 1716 897 1752 Resurrectione.«
948 1712 1027 1756 Quo
1062 1711 1141 1744 licet
1172 1723 1300 1743 carere-

171 1791 245 1811 mus
270 1780 483 1825 testimonio,
509 1782 619 1827 ipsum
645 1793 748 1825 opus,
781 1777 874 1823 quod
899 1776 939 1808 ad
963 1774 1047 1806 hauc
1070 1772 1162 1806 diem
1185 1785 1302 1817 super-

175 1849 241 1880 est,
265 1855 326 1886 per
349 1856 383 1876 se
409 1845 644 1877 innotesceret.

265 1904 326 1937 IX.
370 1906 609 1940 Theodoretus
634 1905 668 1937 in
698 1902 792 1934 libris
817 1897 1070 1933 Haereticarum
1094 1894 1299 1928 Fabulamm

175 1965 355 2008 Origenem
379 1980 479 2012 saepe
505 1968 644 2009 allegat,
678 1974 711 1998 et
740 1963 845 1996 libros
875 1960 979 2005 ipsius
1010 1959 1043 1990 in
1069 1957 1301 1990 testimonium

176 2028 321 2062 adducit.
369 2030 471 2062 Libro
497 2030 633 2074 quidem
658 2027 783 2071 priore,
809 2037 879 2067 cap.
893 2023 936 2062 2.,
959 2019 1129 2065 scripsisse
1155 2032 1231 2052 eum
1256 2018 1302 2051 ait

176 2091 333 2124 adversus
365 2092 589 2125 Menandrum
622 2087 857 2127 Haereticum;
889 2094 923 2117 et
953 2082 1061 2128 capite
1086 2081 1118 2115 4.
1143 2081 1300 2114 adversus

175 2151 356 2186 Basilidem
383 2163 415 2187 et
440 2154 626 2193 Isidorum;
651 2160 683 2183 et
707 2149 816 2193 capite
842 2148 872 2181 7.
897 2147 1053 2179 adversus
1078 2142 1301 2184 Helcesaitas;

177 2224 208 2246 et
242 2215 349 2260 capite
385 2216 434 2251 19.
466 2216 621 2248 adversus
655 2207 903 2252 Hei-nidgenem
941 2217 974 2240 et
1003 2206 1238 2246 Valentinum;
1268 2212 1300 2236 et

178 2276 284 2321 capite
322 2278 373 2312 21,
412 2280 567 2312 adversus
603 2277 785 2313 Severum;
833 2281 861 2303 et
908 2269 1014 2314 capite
1049 2267 1102 2302 25.
1143 2267 1300 2299 adversus
