1422 2472
365 99 675 132 ORIGENJANORUM
704 98 817 131 Lmen
844 99 886 131 ΙΙ.
1148 96 1192 130 43

68 197 122 221 tus
146 188 284 229 affinxit,
309 201 376 233 quo
403 188 605 230 Origenismi
631 189 837 221 adversarios
861 187 924 220 sibi
949 187 1190 229 demereretur,

69 259 102 283 et
124 251 299 283 adversum
324 250 402 282 illos
427 249 620 283 concitaret.
667 250 710 282 Et
735 249 801 281 levi
817 261 894 282 sane
910 257 1105 290 argumento
1131 247 1192 279 im-

67 311 212 355 positam
237 311 302 344 illis
328 311 532 352 Origenismi
556 312 756 344 calumniam
788 310 1006 355 approbavit,
1036 323 1077 342 eo
1103 308 1192 341 scili-

68 382 132 412 cet,
154 374 247 417 quod
279 373 462 405 sententiae
494 373 591 419 hujus
625 382 768 405 assertor
799 382 884 404 esset
909 372 1084 413 Origenes,
1108 382 1191 413 quae

69 447 268 478 corpoream
299 447 316 466 a
341 434 418 465 Deo
442 435 569 466 molem
595 444 755 476 segregat,
800 438 913 478 Atque
938 446 978 465 eo
1003 431 1135 464 facilius
1156 430 1191 462 id

67 496 241 540 persuasit,
265 496 357 540 quod
382 496 423 527 ad
448 507 515 534 eOS,
540 495 590 527 uti
614 508 692 527 mox
718 495 885 534 dicemus,
910 494 1111 535 confugisset
1137 493 1193 524 lsi-

68 557 189 597 dorus,
219 569 318 601 quem
343 556 543 588 acerrimum
569 556 741 588 doctrinae
764 555 861 600 hujus
885 564 1066 599 patronum
1092 553 1192 586 fuisse

67 618 133 662 jam
164 631 263 662 supra
294 618 514 650 ostendimus.
573 618 777 659 Origenismi
809 630 888 658 ergo
921 629 1068 648 caussam
1098 624 1192 659 post—

67 692 166 723 quam
191 679 295 712 semel
327 679 467 711 obduxit
489 679 680 712 iracundiae
712 691 808 717 suae,
840 677 1044 719 Origenistas
1076 689 1192 709 omnes

66 740 220 773 insectari
244 754 417 773 necessum
443 740 574 773 habuit:
607 742 827 784 quamobrem
852 742 973 772 referta
998 740 1062 771 hoc
1085 739 1194 771 homi-

66 814 146 834 num
170 815 290 844 genere
315 802 442 835 Nitriae
466 801 625 834 asceteria
648 810 906 845 perscrutatum,
930 814 995 833 una
1016 814 1091 833 cum
1108 801 1193 832 Dio-

66 877 165 896 scoro
191 864 395 906 Origenistas
420 876 536 896 omnes
560 863 656 895 illinc
682 864 870 895 exturbasse
897 862 1077 895 verisimile
1102 871 1162 894 est.

130 925 191 958 ΙΙΙ.
215 925 372 966 Sectinis,
395 939 454 958 seu
476 925 700 958 Nitriensibus
725 924 906 963 monachis,
933 924 1078 968 (utrovis
1104 924 1191 957 enim

65 987 171 1019 modo
207 987 261 1019 vel
292 1000 310 1019 a
342 987 450 1020 Nitria
479 996 614 1026 monte,
652 986 705 1018 vel
737 999 755 1018 a
788 985 879 1019 Sceti
911 986 1103 1027 regiuncula
1127 985 1193 1018 dici

67 1049 236 1093 possunt,)
260 1049 324 1082 alia
349 1048 450 1081 etiam
481 1062 594 1082 caussa
625 1047 809 1092 Theophili
834 1047 1041 1080 consciverat
1065 1047 1191 1079 odium.

68 1110 167 1142 Hunc
189 1109 277 1142 inter
301 1119 335 1142 et
359 1111 496 1142 Petrum
524 1109 767 1142 Alexandrinae
789 1109 949 1141 ecclesiae
963 1108 1193 1154 archipresby—

68 1181 178 1203 terum
201 1171 353 1203 simultas
376 1171 618 1203 intercesserat.
667 1170 756 1202 Hinc
784 1170 931 1201 infensus
954 1170 1057 1202 Petro
1083 1169 1195 1202 Theo*

68 1233 180 1277 philus
205 1232 382 1264 admissam
412 1232 453 1264 ab
478 1244 518 1263 eo
544 1240 680 1275 questus
706 1241 754 1264 est
777 1232 818 1263 ad
842 1231 1077 1276 mysteriorum
1103 1244 1194 1263 com-

69 1294 265 1326 munionem
295 1293 475 1325 mulierem
508 1293 674 1337 quandam
706 1293 902 1325 Manichaea
936 1293 992 1324 lue
1023 1292 1194 1332 infectam,

68 1355 262 1400 priusquam
285 1354 442 1386 nuntium
473 1354 601 1386 haeresi
630 1354 820 1386 remisisset.
868 1354 1009 1386 Factum
1033 1355 1134 1387 fuisse
1161 1355 1193 1386 id

67 1416 157 1461 juxta
182 1416 342 1449 ecclesiae
368 1415 661 1455 consuetudinem,
693 1425 726 1448 et
751 1429 788 1447 ex
812 1415 997 1460 Theophili
1019 1415 1192 1458 sententia,

68 1478 188 1511 Petrus
211 1478 399 1521 respondit,
423 1487 457 1510 et
479 1477 677 1510 testimonio
703 1477 913 1510 confirmavit
937 1477 1071 1517 isidori,
1095 1490 1195 1521 supra

70 1553 88 1572 a
111 1539 209 1573 nobis
233 1538 423 1578 memorati,
448 1538 510 1570 viri
534 1538 650 1580 gravis,
676 1547 708 1570 et
733 1551 832 1582 quem
857 1548 935 1583 post
950 1538 1097 1572 Nectarii
1121 1539 1195 1572 obi-

69 1611 140 1634 tum
165 1601 208 1632 ad
232 1598 642 1643 constantinopolitanam
672 1601 787 1632 sedem
820 1601 960 1633 evehere
985 1600 1195 1645 Theophilus

69 1662 251 1695 studuerat.
298 1661 363 1693 Hic
387 1660 530 1702 graviter
553 1674 751 1695 succensens
775 1671 955 1706 utrumque
979 1663 1118 1697 eeclesia
1143 1676 1197 1695 cx-

69 1724 168 1768 pulit.
214 1723 299 1755 Rem
330 1721 376 1754 ita
414 1734 431 1753 a
461 1722 577 1754 multis
608 1723 734 1756 narrari
765 1724 870 1756 refert
902 1726 1129 1757 sozomenus:
1163 1733 1195 1756 at

70 1785 169 1817 aliter
197 1797 215 1817 a
249 1784 322 1816 viro
356 1797 431 1817 cum
463 1785 636 1818 monachis
666 1785 732 1818 illis
757 1786 947 1818 conversari
972 1786 1076 1819 solito
1101 1799 1196 1818 accc-

69 1847 158 1891 pisse
182 1859 217 1879 se
242 1846 342 1887 dicit3
375 1846 454 1878 duas
479 1859 602 1890 nempe
627 1860 754 1880 caussas
778 1847 931 1880 habuisse
955 1847 1195 1891 Theophilum,

72 1922 130 1941 cur
154 1908 322 1941 Isidorum
355 1907 589 1948 insectaretur,
626 1909 724 1942 aliam
756 1909 886 1941 Isidoro
918 1918 950 1941 et
976 1909 1079 1941 Petro
1105 1922 1197 1942 com·

71 1982 226 2010 munem,
260 1969 352 2013 quod
381 1970 554 2003 testificari
591 1979 796 2004 recusassent
828 1970 1011 2014 Theophili
1043 1983 1196 2003 sororem

73 2030 249 2064 haeredem
274 2031 375 2063 fuisse
394 2031 575 2076 scriptam;
598 2033 697 2066 aliam
715 2032 848 2065 Isidoro
863 2032 1079 2077 peculiarem,
1105 2032 1196 2076 quod

76 2104 151 2123 cum
173 2105 361 2136 pauperum
385 2103 516 2135 gereret
538 2107 672 2134 curam,
707 2104 856 2136 erogatas
888 2094 922 2126 in
954 2107 1011 2126 eos
1041 2092 1198 2137 pecunias

74 2152 266 2196 Theophilo
290 2155 324 2186 in
357 2156 564 2189 exstruendis
588 2156 724 2201 templis
755 2158 928 2189 absumere
959 2153 1088 2186 volenti
1121 2153 1197 2184 darc

75 2213 246 2247 renuisset.
293 2216 412 2249 Simile
437 2217 517 2261 quid
541 2219 641 2251 habet
660 2218 840 2259 Palladius,
865 2231 922 2250 seu
945 2214 1093 2259 quisquis
1116 2214 1198 2247 seri-

75 2285 154 2320 ptor
179 2285 225 2309 cst
250 2276 336 2309 vitae
356 2277 605 2323 Chrysostomi;
631 2301 670 2306 —
697 2292 772 2312 nam
797 2279 839 2311 de
864 2287 1000 2310 auctore
1026 2289 1094 2308 non
1121 2288 1198 2308 con-
