1413 2482
158 107 225 144 152
494 105 606 139 Pzrm
631 105 804 139 omnus
828 105 960 140 Huzru

160 200 312 231 laborem
346 198 433 229 hunc
471 204 666 240 susceptum
700 208 717 227 a
748 208 782 228 se
815 195 964 228 declarat
998 195 1034 229 in
1064 196 1217 239 Prologo
1251 196 1304 230 his

160 259 321 293 Homiliis
347 258 507 302 praefixo.
557 257 760 299 Tangendus
784 256 838 288 hic
865 256 976 289 obiter
992 255 1162 299 Erasmus,
1186 258 1244 304 qui
1268 258 1302 292 in

163 323 311 356 Censura
343 332 446 365 super
476 319 527 353 his
558 318 738 359 Homssiis,
777 318 912 351 criticae
944 330 1024 351 suae
1054 317 1199 353 nimium
1227 334 1305 366 per-

162 384 283 423 mittit,
308 394 493 428 earumque
518 391 713 421 auctorem,
739 389 771 414 et
795 380 1036 426 interpretem,
1061 381 1184 415 dubios
1206 383 1306 416 facit:

166 448 257 480 »Nec
280 445 370 490 ipse,
395 444 522 490 inquit,
547 444 604 490 qui
627 444 816 489 praefatur,
840 442 1024 488 profitetur
1046 455 1082 476 se
1106 442 1164 477 has
1187 443 1308 478 Homi-

167 508 226 541 lias
253 507 456 553 simpliciter
480 507 630 546 vertisse,
654 516 693 539 ut
718 506 930 540 habebantur
953 505 1045 551 apud
1059 504 1222 548 Graecos,
1245 519 1308 540 nec

165 571 238 604 illic
264 570 424 616 exprimit
446 582 574 603 nomen
600 568 777 607 auctoris,«
827 568 955 601 Verum
988 567 1145 613 quidem;
1176 577 1212 602 at
1240 580 1312 602 me-

166 633 302 666 minisse
345 633 508 666 debuerat
542 632 719 671 Erasmus,
761 639 942 664 auctorum
980 629 1121 665 nomina
1156 630 1312 677 Operum

167 695 270 728 initiis
295 695 479 740 praescribi
510 695 636 735 solere,
669 707 706 727 ac
738 693 883 738 proinde
915 693 1126 738 praefantem
1150 693 1313 728 Rufinum

166 771 303 791 necesse
334 771 404 791 non
435 758 590 791 habuisse
614 755 790 802 profiteri,
822 756 880 788 has
905 754 1075 789 Homilias
1108 768 1144 789 se
1169 769 1207 790 ex
1233 757 1313 791 Ori-

165 834 249 862 gene
274 820 423 861 vertisse,
449 834 525 854 cum
551 821 585 853 id
609 820 728 853 titulus
754 819 924 852 clamaret;
960 817 1110 851 Futilius
1135 818 1236 853 etiam
1262 828 1313 853 est

168 893 402 924 argumentum
433 883 581 928 petitum
605 896 644 916 ex
668 881 910 921 Peren-itione,
941 880 975 913 in
1009 893 1074 926 qua
1105 893 1232 914 nomen
1255 894 1313 915 au-

169 945 271 978 ctoris
296 959 365 979 non
399 946 569 991 expressit.
619 946 750 988 Agebat
767 945 823 977 Vde
850 943 1024 990 Operibus
1048 943 1206 986 Origenis
1235 957 1254 978 a
1277 958 1313 978 se

170 1007 417 1053 interpretatis;
450 1008 636 1051 Origenem
661 1007 772 1053 ipsum
800 1006 1052 1047 nominaverat3
1081 1006 1313 1041 Homiliarum

171 1070 276 1115 ipsius
301 1070 334 1103 in
361 1071 529 1111 Genesin,
553 1071 732 1110 Exodum‚
758 1079 791 1102 et
814 1068 1004 1102 Leviticum
1029 1069 1240 1102 mentionem
1263 1071 1314 1103 fe-

172 1142 271 1166 cerat.
321 1133 428 1165 Addit
453 1132 593 1165 deinde:
634 1133 746 1165 »Nam
771 1131 848 1172 illa,
873 1143 958 1176 quae
982 1130 1017 1164 in
1041 1129 1124 1163 Jesu
1148 1132 1259 1172 Nave,
1281 1141 1315 1166 et

171 1196 204 1228 in
228 1195 391 1228 Judicum
418 1195 561 1235 librum,
594 1204 627 1228 et
658 1195 691 1227 in
717 1193 927 1237 trigesimum
952 1202 1100 1234 sextum,
1133 1203 1166 1227 et
1196 1194 1230 1228 in
1253 1195 1315 1228 tri·

171 1258 336 1300 gesimum
373 1259 576 1303 septimum,
617 1267 649 1290 et
690 1257 901 1300 trigesimum
947 1267 1105 1290 octavum
1141 1257 1315 1291 Psalmum

170 1321 376 1366 scripsimus,
401 1320 605 1365 simpliciter
630 1320 853 1365 expressimus
878 1329 917 1352 ut
941 1320 1159 1353 invenimus.«
1197 1320 1315 1354 Facile

172 1397 248 1416 sane
274 1383 495 1425 intelligitur,
522 1383 602 1415 haec
628 1396 765 1427 quoque
791 1383 923 1427 Opera,
954 1381 1072 1415 itidem
1097 1391 1136 1414 ut
1159 1382 1315 1427 proxime

172 1454 449 1486 commemorata,
475 1445 633 1488 Origenis
659 1458 741 1485 esse,
767 1445 862 1490 cujus
886 1457 1013 1478 nomen
1036 1445 1079 1477 ad
1103 1444 1234 1487 singula
1257 1458 1316 1491 ap-

171 1522 300 1554 ponere
332 1509 542 1553 superssuum
578 1498 694 1542 fuisset
731 1517 763 1541 et
795 1508 988 1541 molestum.
1039 1507 1145 1551 Quod
1175 1508 1203 1541 si
1234 1508 1315 1542 haec

171 1571 369 1614 origeniani
393 1571 542 1605 nominis
575 1571 826 1617 praetermissio
854 1571 996 1604 dubium
1027 1580 1201 1604 auctorem
1224 1571 1315 1609 facit,

172 1649 232 1667 cur
257 1636 298 1667 «lc
324 1645 462 1668 auctore
477 1635 706 1674 Homiliarum
733 1635 766 1667 in
783 1635 938 1668 psalmos
962 1633 1130 1668 dubitavit
1143 1634 1314 1674 Erasmus,

173 1699 213 1730 de
251 1708 389 1731 auctore
424 1698 655 1731 Homiliarum
691 1697 726 1731 in
762 1698 885 1730 librum
918 1697 1080 1731 Judicum
1116 1697 1314 1742 neutiquam

173 1761 364 1794 dubitavit?
393 1762 459 1794 Par
484 1761 573 1794 enim
600 1771 671 1794 erat
693 1760 877 1805 utrobique
903 1760 1001 1795 ratio.
1047 1759 1183 1793 Eodem
1206 1761 1313 1793 modo

172 1826 212 1856 ‹le
239 1833 375 1856 auctore
401 1823 688 1869 interpretationis
718 1823 970 1857 ratiocinamur.
1021 1822 1197 1866 Quaenam
1223 1822 1314 1856 enim

170 1887 250 1919 haec
276 1896 323 1919 est
351 1886 621 1934 ἀποκλήρωσις,
659 1887 867 1932 reliquarum
893 1884 1123 1919 Homiliarum
1149 1884 1183 1917 in
1205 1883 1314 1917 Pero-

169 1948 298 1982 rationc.
336 1959 600 1982 memoratarum
635 1949 951 1995 interpretationem
988 1947 1137 1981 tribuere
1170 1947 1314 1991 Rufino;

170 2013 253 2044 lianc
283 2024 364 2043 vero
397 2012 464 2052 illi,
497 2025 610 2045 earum
643 2012 761 2045 itidem
793 2021 830 2043 ut
862 2010 1004 2044 aliarum
1029 2010 1253 2055 interpretem
1276 2023 1312 2044 se

170 2074 345 2120 profitenti
369 2073 586 2120 abjudicare?
632 2074 747 2116 Magni
778 2074 936 2118 profecto
969 2082 1002 2105 et
1035 2072 1237 2106 excellentis
1262 2072 1313 2106 in-

170 2136 259 2180 genii
286 2136 336 2169 vir
358 2136 423 2169 fuit
440 2137 611 2177 Erasmus,
635 2137 693 2169 sed
712 2136 905 2181 praecipitis
922 2135 1051 2180 judicii.
1087 2135 1183 2168 Hanc
1199 2144 1313 2169 tamen

173 2200 244 2246 ejus
270 2212 442 2233 censuram
469 2208 654 2245 sequuntur
671 2199 988 2241 Magdebwgenses,
1014 2198 1165 2243 sequitur
1191 2207 1224 2231 et
1240 2198 1311 2231 Ro-

171 2264 286 2296 bertus
323 2263 434 2298 Cocus
473 2264 618 2306 Anglus;
667 2275 808 2308 eamque
849 2262 913 2294 hoc
954 2261 1052 2294 fulcit
1091 2269 1308 2304 argumento:

174 2324 300 2370 »Quod
328 2326 360 2359 in
386 2326 524 2361 diversis
549 2327 694 2360 textibus
721 2326 944 2373 explicandis,
979 2324 1154 2372 quomodo
1177 2321 1307 2364 Latine,
