1413 2482
192 79 231 113 16
522 75 632 108 Perat
659 75 836 108 Dmmzus
861 75 994 108 Huz‘rn

186 167 275 207 lnsii,
301 167 333 199 in
361 165 625 207 origenistarum
650 165 883 204 Nitriensium,
908 173 941 198 et
965 177 1096 206 eorum,
1119 165 1177 210 qui
1203 166 1237 199 in
1255 165 1324 199 Pa-

185 229 323 262 laestina
348 228 524 268 degebant,
549 227 670 260 vicinia
694 227 760 266 siti,
784 227 909 269 frigido
941 236 975 259 et
1007 228 1137 260 scurrili
1171 227 1248 273 joco
1274 229 1322 260 al-

184 292 348 323 ludentes.
396 289 625 335 Hieronymus
649 288 784 332 epistol.
810 287 864 323 61.
890 289 931 321 ad
961 289 1154 322 pammach.
1187 303 1261 334 cap.
1286 291 1318 324 5.

184 353 275 385 »Hae
300 360 378 383 sunt
401 351 560 394 strophae
586 360 715 382 vestrae
739 360 840 394 atque
864 350 1080 395 praestigiae,
1104 350 1226 396 quibus
1256 365 1319 384 nos

180 413 382 452 Pelusiotas,
407 422 439 444 et
466 412 625 458 jumenta,
651 421 683 444 et
707 412 868 445 animales
900 413 1055 445 homines
1079 412 1207 452 dicitis,
1239 413 1318 458 quia

179 490 248 510 non
272 475 456 520 recipimus
481 488 519 507 ea
543 487 628 519 quae
653 473 790 518 spiritus
817 483 923 507 sunt.«
973 473 1206 519 Baronium¹)
1232 475 1317 517 sugit

179 539 263 572 dieti
286 537 383 583 hujus
409 536 622 578 significatio,
648 545 681 568 et
705 549 788 580 pro:
817 535 1075 569 „Pelusiotaszu
1110 536 1176 578 legi
1201 536 1315 582 jubet:

180 600 429 634 »Pilosiotaszu
459 599 553 643 quod
576 607 754 630 uterentur
777 597 990 640 Origenistae
1017 597 1098 630 »hac
1123 611 1218 639 voce,
1241 612 1318 641 sug-

176 664 331 706 gillantes
363 670 462 705 atque
498 661 738 693 subsannantes
770 659 984 699 Catholicos‚
1016 659 1109 704 quasi
1138 661 1314 694 crederent

173 733 329 757 mortuos
353 731 603 755 resurrecturos
627 722 728 754 etiam
753 716 830 754 cum
855 721 930 766 piis,
956 722 1036 754 dum
1053 732 1144 755 recte
1161 722 1314 756 dicerent

174 799 233 820 eos
256 794 505 819 resurrecturos
537 797 614 816 eum
645 783 783 826 singuiis
816 783 969 829 corporis
999 785 1192 818 membrism
1242 784 1312 818 Ve-

172 862 248 882 rum
286 845 507 892 expositionis
547 854 681 878 nostrae
722 845 956 891 fidejussorem
995 846 1112 878 damus
1143 847 1312 895 Hierony-

171 924 265 944 mum
290 910 420 955 ipsum,
459 907 555 952 epist.
581 908 634 942 65.
667 908 707 940 ad
740 908 932 941 pammach.
964 917 997 940 et
1030 908 1155 942 Ocean.
1180 922 1253 954 cap.
1277 909 1309 945 3.

173 972 395 1014 »Pelusiotas,
424 969 544 1013 inquit,
568 982 632 1001 nos
656 970 839 1013 appellant,
865 978 899 1001 et
923 969 1044 1009 luteos,
1068 969 1309 1015 animalesque,

170 1044 203 1067 et
227 1046 378 1072 carneos,
403 1032 494 1076 quod
520 1044 589 1063 non
614 1030 815 1075 recipiamus
842 1044 891 1069 ea,
916 1044 1001 1076 quae
1020 1032 1157 1076 spiritus
1180 1042 1306 1065 sumt«

169 1106 202 1129 et
226 1109 300 1140 cap.
327 1096 357 1129 1.
384 1094 530 1126 »Putant
556 1092 647 1124 enim
679 1105 733 1124 me
764 1106 862 1124 sunm
895 1106 965 1125 esse
998 1093 1232 1140 συμμὺστην,
1273 1104 1307 1127 et

167 1166 311 1203 propter
343 1155 503 1188 animales
537 1163 571 1186 et
607 1154 718 1186 luteos
750 1154 844 1186 nolle
874 1154 988 1198 palam
1020 1156 1176 1197 dogmata
1201 1157 1308 1189 confl-

165 1220 261 1253 ιρι-ᾖε(
310 1216 526 1251 Manifestius
559 1216 660 1248 etiam
692 1216 727 1248 in
758 1216 885 1248 Jercm.
909 1216 1046 1256 XXIX,
1084 1218 1136 1252 14.
1186 1218 1304 1262 »Quae

165 1296 242 1314 cum
266 1280 409 1313 audiunt
433 1278 591 1322 discipuli
617 1277 688 1322 ejus
711 1277 902 1321 (Origenis)
929 1287 962 1310 et
981 1278 1195 1311 Grunnianae
1221 1280 1304 1323 (hoc

165 1354 214 1377 est
238 1343 370 1385 Rufini)
395 1340 544 1373 familiae
568 1349 729 1378 stercora,
752 1348 872 1383 putant
896 1352 930 1372 se
952 1339 1065 1372 divina
1089 1341 1206 1374 audire
1230 1355 1302 1388 my-

163 1405 283 1450 steria;
306 1415 449 1447 nosque,
476 1401 533 1446 qui
558 1400 619 1433 ista
647 1400 905 1439 contemnimus,
931 1401 1024 1445 quasi
1041 1414 1103 1446 pro
1119 1403 1227 1435 brutis
1244 1403 1301 1435 ha-

160 1469 245 1500 bent
268 1451 511 1502 animantibus,
548 1472 734 1514 et‘vocant
766 1461 1040 1506 Πηλουσιώτας,
1073 1477 1113 1497 eo
1146 1467 1240 1510 quod
1265 1466 1298 1498 in

161 1530 235 1561 luto
258 1527 354 1560 istius
380 1525 534 1569 corporis
559 1524 750 1563 constituti,
786 1537 854 1565 non
879 1524 1048 1568 possimus
1063 1525 1196 1559 'sentire
1221 1540 1300 1560 coe-

160 1590 286 1624 lestia.«
336 1587 520 1634 Aegyptios
552 1585 733 1630 praecipue
766 1587 970 1626 monachos,
1002 1588 1091 1631 apud
1117 1601 1200 1632 quos
1226 1603 1295 1622 ma-

158 1652 246 1684 xime
272 1650 378 1693 viguit
403 1649 652 1691 Origenismus‚
683 1648 818 1690 inge-nio
854 1650 925 1681 fere
957 1649 1058 1681 fuisse
1084 1649 1236 1694 inquieto
1262 1662 1294 1684 et

156 1713 308 1752 turbido,
333 1722 367 1744 et
391 1724 503 1743 rerum
528 1723 692 1742 novarum
715 1711 881 1750 studioso,
905 1720 1155 1756 proptereaque
1180 1712 1214 1745 in
1241 1726 1296 1746 va—

156 1776 222 1808 rias
247 1775 398 1808 haereses
424 1773 579 1805 incidisse
607 1772 710 1804 literis
734 1772 910 1816 proditum
936 1782 995 1805 est.
1034 1774 1116 1805 lnde
1143 1775 1291 1819 Aer-iani,

154 1836 373 1877 Eustathiani,
387 1833 773 1878 Anthropomorphitae,
790 1833 974 1873 Joviniani,
991 1834 1203 1879 Eutychiani,
1218 1836 1292 1868 alii-

155 1912 220 1944 que
254 1899 290 1932 id
322 1911 424 1940 genus
456 1896 604 1930 sexcenti
636 1895 815 1939 prodiere:
848 1905 880 1928 et
905 1909 922 1928 a
951 1895 1126 1928 vetustiori
1151 1910 1289 1941 quoque

153 1974 238 1994 aevo
265 1959 474 1998 Meletianis,
508 1968 541 1990 et
578 1957 709 1989 Arianis
743 1958 935 1996 haerentes,
974 1957 1158 1990 antistitem
1189 1972 1288 1992 suum

152 2023 371 2055 Athanasium
396 2020 530 2066 probris
554 2019 706 2051 fixerunt.
756 2020 854 2051 Unde
880 2019 1111 2064 Hieronymus
1136 2021 1287 2065 Apolog.

150 2085 280 2117 advers.
315 2084 426 2117 Rufin.
468 2084 542 2115 libr.
570 2082 630 2113 ΙΙΙ.
674 2094 745 2125 cap.
777 2099 800 2114 a.
852 2081 1049 2114 »contendi
1084 2083 1287 2128 Aegyptum,

244 2228 373 2305 '‘giCfin
398 2229 519 2262 Baron.
546 2229 597 2261 ad.
623 2228 785 2263 aun.393.
813 2241 884 2271 rap.
902 2227 951 2262 10.
978 2237 1008 2260 et
1035 2229 1075 2261 ad
1102 2242 1175 2262 ann.
1201 2229 1282 2264 400.

149 2286 219 2318 cap.
244 2293 257 2307 (,
292 2302 298 2307 .
