1413 2482
179 68 248 104 248
515 70 625 103 Parni
652 71 830 103 hamatis
856 71 990 104 HUssTu

186 170 256 190 esse
289 157 399 203 ipsum
432 159 615 193 censuisse:
653 169 770 193 contra
801 160 855 194 hic
885 159 1032 205 scriptor
1062 160 1176 193 stellas
1207 159 1323 193 animo

188 231 301 252 carere
333 220 456 252 diserte
489 231 665 256 asseverat.
713 221 874 255 Meminit
904 231 1078 266 praeterea
1109 221 1326 255 Manichaeo-

188 294 276 320 rum,
302 290 334 313 et
351 281 489 314 Luciani
510 283 678 331 Martyris,
705 285 761 330 qui
778 284 925 326 Origene
951 284 1088 316 suerunt
1111 283 1326 316 recentiores.

189 342 327 375 Alicubi
354 356 433 376 vero
459 344 504 377 ita
529 346 678 379 disserit:
708 347 847 391 »Neque
875 358 954 388 ergo
982 344 1184 389 ὁμοούσιον
1199 345 1328 391 aliquid

192 403 262 448 ejus
286 414 344 445 est,
370 405 402 438 id
430 415 489 447 est,
516 407 666 453 ejusdem
693 408 874 449 essentiae;
899 421 975 440 eum
993 407 1083 440 enim
1101 407 1238 440 interire
1261 420 1330 440 non

192 478 292 509 posse
318 467 481 501 diximus:
505 482 615 515 neque
641 468 854 516 ὁμουύσιον,
883 470 918 502 id
943 479 1004 510 est,
1028 470 1126 502 unius
1150 468 1331 510 essentiae3

193 530 383 573 comparari
408 531 497 564 enim
522 544 590 564 non
616 541 775 577 potest:«
803 541 836 564 et
860 531 928 565 alio
956 532 1054 565 loco:
1083 531 1229 564 »Recita
1248 531 1330 564 haec

194 598 231 621 tu
271 603 347 623 cum
379 591 508 637 judicio
540 594 630 639 apud
666 594 961 629 Homousiastas.«
1020 593 1153 638 Quibus
1191 593 1332 638 aliisque

194 653 428 696 compluribus
456 655 597 688 Arianus
632 669 700 688 esse
732 656 951 698 intelligitur:
988 668 1082 696 nam,
1114 666 1150 688 ut
1181 655 1226 688 ait
1249 654 1333 700 Epi-

194 712 336 757 phanius
360 716 497 750 Haercs.
523 717 576 752 69.
603 730 676 762 cap.
704 718 776 757 70„
802 731 871 750 non
895 728 962 751 tam
989 717 1165 751 bituminis
1189 718 1332 751 odorem

193 776 318 818 refugit
342 791 499 823 serpens,
532 792 631 824 quam
658 766 778 812 vocem
811 779 1012 827 ὁμοουσίου
1036 779 1138 812 Arius
1161 780 1332 812 aversaba-

194 845 258 870 tur.
320 838 554 882 Quamobrem
594 841 790 874 Catholicos
835 841 1152 874 Homousiastarum
1194 841 1333 873 nomine

199 899 311 932 Ariani
345 902 576 936 traducebant.
625 904 673 936 Ex
708 904 830 936 eodem
863 903 965 945 igitur
990 903 1191 936 Arianorum
1218 902 1334 935 Lucia-

195 960 356 994 nistarum
388 976 509 1005 genere
542 965 661 1006 suerit,
694 978 711 997 e
745 978 812 1010 quo
845 966 993 1010 scriptor
1024 978 1124 1010 supra
1156 963 1336 997 memorati

199 1022 324 1067 Operis
358 1024 392 1057 in
428 1027 574 1067 Jobum,
611 1028 738 1072 quippe
776 1027 834 1072 qui
866 1028 1003 1060 Luciani
1036 1026 1193 1072 Martyris
1229 1039 1334 1071 aeque

196 1086 400 1122 meminerit.
448 1088 505 1121 Sic
539 1099 652 1121 autem
687 1089 856 1122 existimo:
898 1089 1186 1134 quemadmodum
1222 1088 1337 1121 suble-

197 1148 324 1181 vandae
358 1150 584 1183 Israelitarum
617 1151 814 1191 calamitati,
852 1152 932 1183 dum
957 1149 1202 1196 Aegyptiorum
1232 1149 1336 1183 servi-

196 1218 270 1242 tute
295 1223 541 1255 premerentur,
566 1213 692 1245 librum
716 1213 785 1246 Job
810 1226 827 1245 a
853 1213 951 1245 Mose
974 1211 1138 1256 scriptum
1163 1221 1338 1245 autumant

197 1273 370 1318 plerique:
407 1275 453 1308 ita
477 1275 661 1319 multiplici
686 1275 727 1306 ab
753 1274 884 1307 Arianis
909 1274 1165 1307 Commentario
1192 1275 1336 1307 eundem

197 1334 299 1368 fuisse
326 1336 542 1377 illustratum,
566 1350 604 1370 ac
628 1337 800 1382 frequenti
825 1336 970 1368 lectione
998 1337 1198 1375 contritum,
1222 1336 1337 1369 solatii

197 1397 318 1438 gratia,
351 1412 427 1432 cum
453 1400 494 1432 ab
520 1399 660 1431 ecclesia
686 1398 862 1432 catholica
886 1397 1105 1430 anathematis
1131 1407 1164 1430 et
1189 1399 1337 1431 censuris

196 1470 404 1501 urgerentur.
455 1461 641 1505 Quaerenti
665 1469 776 1492 autem
801 1459 902 1498 mihi,
928 1472 1115 1504 ecquonam
1139 1469 1337 1502 argumento

199 1521 287 1555 liber
311 1525 371 1556 iste
397 1523 537 1566 Origeni
562 1522 772 1569 adjudicatus
799 1531 864 1561 est,
903 1520 1067 1553 nonnulla
1092 1521 1126 1553 in
1151 1535 1192 1554 eo
1219 1535 1337 1555 occur-

199 1595 316 1617 rerunt
341 1586 561 1628 Origenianae
596 1574 948 1625 doctrinae‘vestigiffi
981 1595 1065 1627 quae
1099 1583 1140 1615 ad
1171 1584 1235 1616 alia
1267 1597 1336 1616 non

200 1645 278 1677 satis
302 1655 468 1680 attentum
493 1633 658 1680 lectorem
690 1647 897 1679 fefellerunt.
946 1644 1069 1690 Rejicit
1102 1657 1160 1677 eos
1190 1646 1336 1690 scriptor

201 1707 324 1751 operiS,
351 1709 498 1753 quiDeo
517 1711 697 1742 humanam
712 1709 851 1751 figuram
877 1707 1056 1748 affingunt:
1083 1718 1156 1738 cam
1182 1707 1334 1741 haeresin

199 1770 321 1801 acriter
346 1771 436 1803 ultus
471 1781 519 1804 est
546 1772 720 1814 Origenes.
769 1769 849 1813 Quo
875 1769 979 1800 modo
1011 1768 1148 1810 angelos
1179 1771 1336 1803 custodes

200 1830 349 1864 admittit
383 1843 516 1866 auctor:
555 1833 704 1866 admittit
740 1841 773 1863 et
804 1831 978 1872 Origenes,
1027 1829 1198 1862 Christum
1233 1831 1337 1876 patri·

199 1894 304 1926 archis
331 1903 364 1925 et
393 1895 569 1939 prophetis
593 1894 725 1927 Veteris
749 1892 958 1925 Testamenti
989 1892 1204 1935 apparuisse,
1235 1903 1335 1938 atque

200 1955 244 1988 ita
269 1956 490 1988 mediatorem
513 1955 580 1987 Dei
605 1964 638 1988 et
663 1953 838 1987 hominum
865 1954 929 1985 hoc
955 1963 1110 1998 tempore
1134 1954 1337 2000 fuisseopi-

200 2027 296 2050 natur
332 2026 468 2050 auctor:
508 2018 668 2062 opinatur
708 2025 741 2048 et
777 2015 951 2057 Origenes.
1015 2015 1122 2048 Astris
1158 2017 1225 2048 vim
1267 2030 1337 2049 esse

201 2080 443 2125 σημιινιικήν,
477 2092 544 2111 non
570 2077 868 2120 ἀποτελεστικήν,
901 2077 1020 2110 definit
1051 2086 1187 2110 auctor:
1220 2079 1337 2112 delinit

201 2151 234 2173 et
259 2142 432 2184 Origenes.
479 2141 594 2174 Facile
619 2140 731 2184 itaque
757 2152 937 2171 consensus
963 2140 1021 2171 ille
1048 2140 1163 2171 fucum
1189 2140 1279 2172 fecit.

290 2204 545 2250 Subiunguntur
569 2204 602 2236 in
627 2201 764 2235 Graecis
791 2201 991 2245 quibusdam
1018 2201 1221 2241 Codicibus,
1245 2211 1278 2234 et
1303 2201 1335 2234 in

202 2267 311 2310 prima
332 2265 544 2299 Genebrardi
569 2265 719 2298 editione
735 2263 907 2296 Humiliae
934 2273 1094 2307 quatuor:
1119 2276 1203 2308 quae
1228 2276 1336 2308 quon-
