1422 2472
357 102 669 137 Oniemmsonum
694 102 807 136 Lmen
826 101 885 134 111.
1126 104 1190 138 145

54 203 116 234 ego
148 191 347 237 neutiquam
382 192 534 226 assentiri
557 204 711 237 possum:
758 190 931 225 Humiliae
966 190 1075 232 enim,
1111 205 1191 236 quas

51 253 232 295 habemus,
259 267 298 288 ex
321 264 478 300 tempore
504 254 662 287 videntur
684 253 785 286 fuisse
811 253 1067 298 pronuntiatae,
1092 262 1125 286 et
1149 255 1189 286 ab

54 316 210 349 actuariis
243 316 277 349 in
309 316 422 350 literas
453 317 597 358 relatae3
628 316 787 363 mysticae
822 329 901 348 vero
935 315 1095 348 meditate
1127 329 1190 360 per

54 377 164 411 otium
191 379 396 420 elaboratae,
421 388 454 412 et
478 379 519 412 ab
543 379 691 422 Origene
714 377 789 423 ipso
816 378 926 410 editae
950 387 1037 411 sunt.
1073 377 1188 410 Editio

53 440 195 474 Merlini
209 440 420 488 Hieronymo
438 440 609 474 tribuebat
629 453 745 473 earum
762 439 1093 485 interpretationem,
1107 453 1190 485 quae

53 513 249 549 supersunt;
284 504 369 537 hanc
402 503 526 536 Rufino
568 503 685 536 deberi
720 512 930 546 agnoverunt
964 503 1123 536 Erasmus
1160 512 1193 535 et

54 566 300 600 Genebrardus.
354 566 394 599 Id
424 567 589 611 probatur
620 579 659 599 ex
696 566 803 611 ipsius
834 565 986 607 Prologo
1020 566 1061 598 ad
1093 565 1194 598 Ursa-

55 628 163 663 cium:
199 629 312 662 »Nam
338 638 371 661 et
394 627 590 672 promisisse
615 641 670 661 me
693 627 851 669 memini,
877 635 930 667 ut,
963 626 991 659 si
1016 639 1101 671 quae
1125 627 1191 659 sint

55 690 247 725 Adamantii
271 690 358 724 senis
381 690 416 723 in
440 691 549 733 legem
573 690 681 724 Mosis
707 690 816 731 dicta,
847 688 1064 731 colligerem,
1090 698 1192 734 atque

55 765 94 786 ea
117 752 223 786 latino
245 765 401 799 sermone
418 752 540 787 nostris
559 753 700 795 legenda
715 753 931 786 transferrem
943 765 970 784 :«
999 761 1032 784 et
1050 750 1193 784 deinde:

55 815 181 858 »Igitur
210 825 249 849 ut
278 828 436 862 possum,
468 828 552 861 quae
584 815 775 862 injunxisti,
809 815 977 861 explicare
1010 815 1192 847 contendo.

53 877 131 912 Jam
155 878 245 912 enim
270 891 310 912 ex
335 878 503 919 omnibus,
530 892 615 924 quae
638 878 673 911 in
700 878 773 921 lege
799 878 922 923 scripta
940 877 1063 923 reperi,
1089 878 1194 919 solae,

53 949 92 974 ut
123 950 230 986 puto,
260 941 295 973 in
318 940 594 974 Deuteronomio
629 942 751 974 desunt
776 940 1039 974 oratiunculae«
1091 941 1193 986 Atqui

53 1002 172 1036 Latine
207 1003 354 1036 redditas
392 1003 553 1037 habemus
598 1004 766 1037 Homilias
809 1004 843 1036 in
883 1013 1027 1048 quatuor
1063 1003 1194 1047 priores

56 1064 162 1098 libros
190 1065 430 1099 Pentateuchi:
466 1066 540 1111 quis
567 1080 645 1109 ergo
671 1067 834 1099 Rufinum
866 1065 1085 1110 interpretem
1110 1067 1217 1099 ausit¹

57 1126 219 1161 infitiari?
263 1127 393 1160 Probat
416 1127 529 1172 ipsum
553 1128 618 1160 hoc
644 1127 816 1172 peroratio
848 1127 998 1173 subjecta
1031 1128 1195 1173 interpre-

57 1188 179 1222 tationi
205 1188 538 1222 Commentariorum
563 1189 718 1232 Origenis
750 1189 785 1222 in
819 1189 914 1233 epist.
940 1191 981 1222 ad
1013 1191 1196 1231 Romanos,

58 1263 159 1296 quam
183 1251 310 1284 Rufino
334 1252 592 1285 adscribendam
617 1265 686 1284 csse
714 1264 775 1284 suo
810 1251 890 1283 loco
923 1252 1137 1286 docebimus:
1170 1254 1197 1286 is

58 1312 94 1346 in
118 1325 157 1346 ea
180 1326 215 1346 se
239 1312 397 1356 Origenis
422 1313 591 1347 Homilias
616 1313 650 1346 in
667 1313 826 1355 Genesin,
851 1314 1020 1356 Exodum,
1048 1325 1082 1348 et
1099 1316 1197 1349 Levi-

57 1375 163 1409 ticum
187 1374 307 1408 Latine
332 1376 538 1409 convertisse
563 1375 689 1410 scribit.
737 1376 840 1409 Nulla
870 1376 982 1422 itaque
1009 1377 1195 1412 adhibenda

58 1448 108 1471 est
130 1438 216 1471 fides
239 1437 379 1484 antiquo
406 1437 528 1472 Codici
551 1437 787 1471 Bibliothecae
812 1438 954 1480 Regiae,
985 1439 1018 1472 in
1045 1454 1112 1485 quo
1137 1441 1197 1474 illa

58 1501 148 1545 ipsa,
185 1501 229 1534 de
260 1513 326 1546 qua
356 1500 503 1543 agimus,
533 1500 763 1533 Homiliarum
796 1500 950 1542 Origenis
981 1501 1014 1534 in
1050 1502 1196 1536 Genesin

59 1562 293 1608 interpretatio
329 1562 542 1609 Hieronymo
581 1563 792 1596 adscribitur.
854 1564 1021 1596 observet
1062 1565 1195 1598 interim

59 1626 186 1667 lector,
209 1635 417 1671 postremam
443 1625 632 1658 Homiliam
656 1626 746 1658 bona
771 1625 822 1658 sui
846 1635 941 1670 parte
968 1639 1037 1658 esse
1062 1627 1196 1660 mutila-

58 1697 146 1730 tam3
174 1701 251 1721 nam
281 1699 400 1721 omnes
424 1687 692 1720 patriarcharum
727 1687 983 1721 benedictiones
1014 1702 1078 1733 pro
1103 1685 1197 1722 insti-

59 1758 135 1782 tuto
166 1762 236 1782 non
268 1749 501 1794 persequitur,
537 1759 571 1782 et
601 1749 734 1783 solenni
771 1759 861 1783 caret
896 1751 1061 1792 clausula,
1097 1765 1195 1797 quam

61 1810 222 1845 Homiliis
246 1810 312 1844 suis
338 1811 495 1845 omnibus
521 1811 684 1854 Origenes
709 1812 886 1856 imponere
912 1813 1096 1847 consuevit.

152 1873 196 1908 ll.
233 1874 567 1908 Commentariorum
586 1874 620 1907 in
633 1875 791 1908 Exodum
809 1874 944 1908 lacinias
962 1875 1092 1920 aliquot
1109 1876 1198 1919 vige-

64 1935 148 1969 simo
185 1945 278 1970 sexto
310 1935 521 1970 Philocaliae
558 1936 660 1982 capiti
690 1936 835 1970 Basilius
871 1946 904 1969 et
934 1936 1118 1980 Gregorius
1148 1937 1198 1970 in-

64 2006 251 2033 texuerunt.
298 1997 472 2032 Homiliae
496 2011 578 2032 vero
605 1999 788 2032 duodecim
819 1998 918 2032 latina
943 1991 1093 2032 editione
1118 2012 1197 2032 con-

65 2059 222 2093 tinentur.
270 2060 404 2094 Nomen
427 2061 624 2106 interpretis
649 2061 855 2106 adscriptum
888 2073 956 2094 non
982 2071 1047 2102 est,
1077 2062 1135 2094 sed
1162 2074 1199 2093 ex

65 2119 216 2170 P-rologo
239 2121 355 2156 Rufini
379 2123 421 2156 ad
444 2121 640 2164 Ursacium,
678 2133 711 2156 et
736 2122 886 2169 ejusdem
911 2122 1132 2157 Pei-oratione
1158 2123 1199 2155 ad

65 2181 379 2227 interpretationem
413 2185 747 2219 Commentariorum
779 2185 934 2227 Origenis
963 2185 997 2217 in
1030 2183 1126 2228 epist.
1159 2185 1199 2216 ad

66 2243 258 2284 Romanos,
294 2258 393 2290 quam
428 2259 506 2279 mox
544 2246 770 2285 laudavimus,
802 2247 1016 2279 manifestum
1049 2255 1096 2277 est
1132 2259 1199 2278 non

69 2305 172 2338 alium
197 2305 414 2351 interpretem
441 2320 541 2352 quam
558 2308 719 2340 Rufinum
746 2306 859 2352 quaeri
886 2307 1025 2339 debere:
1051 2307 1084 2339 id
1110 2309 1201 2351 quod

115 2365 289 2402 Ostorius
314 2366 449 2402 Orsua.
485 2367 579 2401 'rom¹
605 2367 728 2400 XXW.
964 2367 1005 2402 10
