1422 2472
391 63 574 95 Arctoam
605 70 675 94 PRO
702 61 883 94 Ommmss.
1142 57 1207 93 393

84 151 255 195 temporis,
279 152 462 184 secundum
488 164 560 183 eam
585 163 783 190 mensuram,
808 162 871 193 qua
897 146 1112 192 intemperies
1138 148 1206 179 col-

85 213 169 244 lecta
193 212 364 245 materiam
390 213 580 255 suggerit¹)
604 225 641 244 ac
667 212 820 244 fomitem
847 210 1009 251 st=brium3
1032 221 1115 253 quae
1139 221 1208 241 ma-

85 273 187 306 teriae
212 274 351 319 qualitas
376 287 414 306 ex
438 275 565 306 diversa
590 273 788 318 intemperie
806 280 1012 314 congregata,
1036 283 1129 302 causa
1155 270 1208 301 vel

84 335 265 368 acerbioris
289 335 419 374 morbi,
450 335 502 367 vel
527 335 721 379 prolixioris
746 334 885 367 exsistit:
917 333 963 365 ita
987 331 1107 372 anima,
1132 344 1207 363 cum

86 397 337 430 multitudinem
374 397 540 429 malorum
580 409 722 440 operum
761 405 793 429 et
830 394 1065 428 abundantiam
1103 393 1136 426 iu
1172 406 1206 425 se

85 460 333 501 congregaverit
364 459 645 503 peccatorum‚²)
684 457 892 503 competenti
921 466 1076 499 tempore
1101 455 1208 487 omnis

85 519 144 552 illa
168 520 333 553 malorum
359 520 570 562 congregatio
597 519 784 552 concitatur
796 520 829 563 3)
854 519 894 550 ad
919 517 1138 562 supplicium¹
1160 526 1208 549 at-

85 594 150 625 que
174 581 400 614 inflammatur
423 583 464 614 ad
489 594 633 626 poenas;
657 594 734 613 cum
760 593 852 613 mens
880 579 949 624 ipsa
971 579 1024 611 vel
1039 578 1209 611 couscien-

86 642 130 674 tia
155 656 216 687 per
242 644 387 676 divinam
412 643 568 675 virtutem
599 642 710 674 omnia
740 643 772 674 in
805 641 1002 673 memoriam
1033 640 1210 685 recipiens,

85 717 229 749 quorum
253 705 286 738 in
299 705 332 750 ⁸)
352 718 392 737 -se
415 705 504 747 signa
528 704 690 748 quaedam
715 716 752 735 ac
778 703 920 742 formas,
945 715 1020 734 cum
1045 711 1211 746 peccaret,

86 777 308 811 expresserat,
341 776 373 799 et
396 766 603 808 singulorum
629 774 797 806 gestorum
811 765 843 808 ⁵)
867 776 1023 803 suorum,
1048 776 1131 808 quae
1157 763 1209 795 vel

84 829 184 860 foede
198 828 232 873 ⁶)
256 828 310 860 vel
335 827 479 871 turpiter
501 835 661 868 gesserat,
692 827 744 859 vel
775 825 874 859 etiam
904 825 1009 870 impie
1034 824 1211 857 commise-

86 899 146 930 rat,
170 890 341 922 historiam
369 889 533 934 quandam
558 889 722 921 scelerum
746 901 883 921 suorum
897 897 972 920 ante
992 886 1110 919 oculos
1132 899 1211 918 suos

87 952 215 985 videbit
240 951 433 996 expositam.
483 950 580 982 Tunc
604 960 637 983 et
661 950 732 994 ipsa
757 949 959 982 conscientia
983 947 1130 993 propriis
1154 947 1211 980 sti—

86 1014 186 1047 mulis
210 1014 351 1056 agitatur
374 1022 472 1056 atque
499 1011 745 1056 compungitur,
769 1021 803 1043 et
825 1012 876 1044 sui
901 1011 972 1055 ipsa
990 1009 1135 1043 efficitur
1156 1022 1210 1042 ac-

87 1076 238 1115 cusatrix,
263 1085 294 1107 et
318 1074 420 1107 testis.
469 1072 573 1116 Quod
597 1072 641 1104 ita
665 1072 848 1116 sensisse⁷)
880 1073 979 1105 etiam
1006 1068 1211 1115 Ap'ostolum

86 1138 228 1171 Paulum
253 1146 349 1181 puto,
373 1148 448 1168 cum
473 1135 570 1167 dicit:
604 1135 738 1178 lutet-⁸)
769 1147 803 1166 se
827 1133 968 1165 invicem
1000 1133 1211 1175 cogitationi-

87 1201 148 1232 bus
173 1197 420 1237 accusantibus,
451 1205 506 1228 aut
536 1195 635 1228 etiam
661 1195 934 1236 defendentibus,
971 1195 1003 1227 in
1028 1196 1101 1234 die,
1134 1208 1210 1227 cum

87 1261 247 1305 judicabit
270 1260 363 1292 Deus
394 1259 525 1291 occulta
557 1257 751 1297 hominum,
780 1258 963 1290 secundum
994 1256 1210 1299 Evangelium

86 1336 211 1362 meum,
235 1334 296 1366 per
318 1322 432 1353 Jesum
459 1319 662 1353 Christum.«

176 1382 453 1416 PAMPHtLUS.
500 1382 568 1415 Sed
593 1390 627 1413 et
643 1382 677 1413 in
697 1380 910 1425 sequentibus
927 1391 1056 1411 rursum
1075 1380 1117 1411 de
1135 1386 1211 1423 pec-

89 1456 239 1479 catorum
265 1444 382 1490 poenis
409 1446 473 1477 hoc
497 1444 602 1476 modo
627 1443 753 1476 scribit.

178 1506 420 1541 ORIGENES.
465 1505 639 1549 ›1Multa⁹)
663 1513 740 1537 sunt
755 1503 808 1547 ¹⁰)
832 1511 954 1542 autem,
980 1515 1063 1547 quae
1080 1515 1140 1535 uos
1166 1502 1212 1535 la·

182 1604 213 1647 ¹)
238 1602 301 1635 Ed.
326 1602 455 1645 Redep.
484 1599 728 1642 »suggesserit.«

181 1659 216 1704 ²)
240 1659 303 1692 Ed.
330 1658 450 1690 Ruaei:
476 1665 722 1701 »peccatorum.
772 1652 1008 1698 Competeuti«
1035 1661 1099 1686 etc.

181 1716 216 1760 ³)
239 1715 303 1748 Ed.
327 1715 456 1758 Redep.
484 1711 725 1745 »effer-veseina

181 1772 215 1816 α)
239 1771 301 1804 Ed.
314 1771 444 1815 Redep.
461 1769 512 1802 nin
526 1777 632 1802 semet
643 1768 712 1812 ipsa
725 1766 815 1808 signa
830 1765 992 1809 quaedam
1006 1775 1040 1797 et
1055 1766 1210 1800 sormas.·‹

181 1829 215 1872 5)
239 1828 370 1860 Desunt
394 1827 427 1859 in
453 1827 503 1858 ed.
529 1825 656 1867 Redep.
680 1823 795 1854 verba:
828 1829 1017 1862 »gestorum
1040 1833 1210 1854 sutnum.«

182 1884 216 1928 6)
242 1884 329 1918 Edd.
354 1883 413 1923 NL,
436 1882 549 1926 itemq.
570 1880 622 1913 ed.
637 1879 765 1922 Redep.
790 1877 912 1916 „foede
925 1889 962 1908 ac
974 1877 1212 1920 turpitcr“etc.

184 1943 216 1985 ⁷)
240 1941 302 1973 Ed.
328 1939 457 1983 Redep.
483 1936 643 1978 „sensisse
668 1943 750 1979 puto
776 1932 875 1964 ctiam
903 1933 1105 1976 Apostolum
1128 1932 1213 1965 Pau-

92 1990 172 2028 lum,
197 1991 295 2020 cum“
319 1994 380 2016 etc.

184 2043 218 2086 ³⁵)
241 2043 339 2074 Rom.
368 2040 409 2079 ll,
434 2039 483 2073 15.
511 2038 560 2071 16.

185 2100 220 2141 ⁹)
245 2099 406 2130 Desumta
439 2103 513 2127 sunt
543 2093 623 2125 hacc
648 2093 748 2124 verba
772 2104 810 2122 ex
836 2090 892 2122 lib.
921 2089 961 2121 ll.
988 2092 1069 2134 περὶ
1093 2089 1215 2135 ἀρχῶν

97 2158 167 2189 sap.
191 2145 233 2178 X.
258 2156 347 2175 num.
375 2140 429 2171 Vl.
457 2139 524 2172 Csr.
550 2139 600 2170 ed.
628 2138 754 2181 Redcp.
780 2148 850 2180 pag.
875 2135 952 2168 229.
976 2147 1044 2179 seq.

168 2201 221 2242 ¹⁰)
246 2199 320 2231 Edd
356 2197 402 2230 M.
428 2204 525 2235 „sunt
549 2194 636 2228 enim
662 2197 766 2238 quae“
792 2200 864 2230 etc„
890 2191 940 2224 cd.
966 2191 1093 2236 l'tedcp.
1119 2201 1215 2232 „sunt

96 2246 194 2279 etiam
220 2245 280 2277 alia
305 2247 409 2287 quae“
435 2250 497 2274 etc.
