1413 2482
167 106 234 142 160
501 106 614 141 Parni
638 107 817 141 mumma
841 105 975 140 Huni-11

169 197 331 232 ἐνταῦθα
354 198 403 242 τῷ
438 199 602 243 πλουσίῳ
633 195 708 233 ὑπὸ
742 198 805 232 τοῦ
835 197 994 244 σωτῆρος
1023 196 1216 242 εἰρημένον
1240 205 1308 229 πε-

167 262 369 303 ποιηκέναι.
408 258 571 292 Ceterum
589 260 645 292 vel
670 272 709 293 ex
733 258 800 292 hoc
824 258 916 300 loco,
939 257 1030 290 unde
1054 255 1308 302 supposititium

170 335 241 356 esse
264 321 353 355 illud
380 334 465 367 opus
489 321 628 369 conjicit
651 321 824 362 Erasmus,
847 319 907 353 ubi
930 332 1001 353 non
1026 318 1176 352 obscuris
1199 317 1310 351 verbis

168 384 323 418 Platonis
348 384 506 418 laudatur
528 384 770 432 Symposium,
807 383 843 416 in
875 395 942 429 quo
976 383 1018 416 de
1048 381 1173 414 amoris
1196 390 1313 414 natura

170 446 356 489 disseritur,
381 446 577 494 conjectura
591 461 662 481 non
684 447 767 481 levis
788 445 862 491 capi
880 455 1006 492 potest,
1029 453 1204 479 auctorem
1218 443 1312 489 Ope-

170 510 216 543 ris
239 509 338 557 hujus
363 523 435 544 esse
459 509 662 553 origenem,
697 509 750 543 cui
781 508 934 542 Platonis
966 507 1212 554 disputationes
1235 518 1312 540 suos

172 572 208 606 in
232 586 310 607 usus
335 582 535 606 convertere
559 573 701 606 solenne
727 582 786 607 est.
837 571 943 616 Quod
963 572 1005 604 ad
1020 583 1144 604 vocum
1161 568 1313 603 illarum:

175 635 340 677 »amoris,
365 635 534 677 caritatis,
559 635 771 677 dilectionis,
797 645 830 669 et
857 634 1047 680 cupidinis«
1072 633 1211 674 attinet,
1234 632 1315 665 haec

172 708 273 745 atque
305 698 372 732 alia
404 698 475 744 ejus
507 699 656 742 generis,
696 712 782 745 quae
811 698 1007 732 Romanum
1034 697 1237 743 scriptorem
1266 707 1317 730 sa-

171 761 290 808 piunt,
319 761 438 796 Rufini
461 762 635 807 'perfidiae
666 763 857 796 debuerunt
887 761 1044 796 adscribi.
1093 759 1204 805 Quale
1228 758 1317 792 illud

175 835 237 866 est,
262 825 356 870 quod
382 826 538 859 observat
561 826 732 859 Rohertus
754 822 867 860 'Cocus
892 825 1030 868 Anglus,
1055 823 1177 857 dixisse
1202 832 1318 857 aucto—

173 901 247 921 rem
281 887 530 922 commentarii
559 887 677 934 hujus,
713 887 772 921 lib.
798 888 860 921 III.
916 888 1096 921 »Verbum
1127 885 1195 920 Dei
1227 885 1317 931 apud

174 951 326 985 Graecos
350 951 538 984 masculino
564 963 688 995 genere
719 950 885 996 proferri,
917 951 1008 996 apud
1031 963 1093 983 nos
1116 958 1239 982 neutro
1263 960 1320 991 ge-

173 1027 300 1048 nerem
329 1023 361 1047 et
384 1014 493 1060 qualia
517 1023 594 1047 sunt
620 1026 657 1047 ea
682 1014 759 1046 loca
779 1013 903 1059 Operis
927 1013 1034 1054 istius,
1059 1013 1100 1046 de
1126 1011 1248 1057 quibus
1272 1010 1319 1043 ait

174 1077 292 1110 Bruno
319 1076 563 1110 Amerbachius
594 1076 741 1110 Praefat.
765 1075 801 1108 in
831 1075 1033 1122 Hieronymi
1063 1074 1216 1108 Tomum
1239 1074 1318 1112 Vll,

178 1140 312 1173 »Multa
335 1148 423 1180 sunt,
451 1152 534 1184 quae
559 1138 670 1171 Latini
695 1138 841 1171 hominis
866 1151 956 1180 esse,
985 1150 1055 1171 non
1079 1136 1204 1170 Graeci
1227 1148 1319 1170 com-

175 1203 356 1247 probent.«
407 1201 566 1246 Quorum
590 1200 773 1247 judicium,
809 1210 847 1234 ut
878 1211 911 1234 et
934 1201 1022 1234 illud
1047 1199 1213 1234 Gulielmi
1239 1199 1320 1232 Per-

175 1264 293 1306 kinsii,
310 1265 341 1311 ¹)
380 1265 469 1298 inter
497 1263 639 1311 rejicula
670 1273 704 1297 et
734 1263 849 1309 spuria
878 1264 944 1298 hoc
970 1264 1069 1309 Opus
1104 1261 1319 1301 recensentis,

176 1328 301 1362 merito
327 1327 428 1361 ssocci
451 1327 605 1361 facimus«

269 1391 411 1424 Praeter
433 1389 529 1434 parvi
554 1389 659 1423 Tomi
684 1390 922 1433 fragmentum,
949 1398 982 1422 et
1006 1387 1135 1433 amplas
1160 1400 1177 1420 e
1202 1387 1320 1420 decem

178 1452 299 1487 Tomis
324 1452 473 1493 lacinias,
498 1452 582 1485 duae
608 1465 746 1498 quoque
769 1460 951 1497 supersunt
974 1449 1148 1484 Humiliae
1174 1450 1217 1483 ab
1240 1448 1322 1483 Hie-

178 1529 322 1563 ronymo
349 1515 457 1548 latino
481 1515 638 1548 sermone
664 1514 848 1559 explicatae
875 1513 1043 1547 »fideliter
1066 1512 1189 1555 magis,
1222 1524 1322 1557 quam

180 1588 330 1620 ornate,«
357 1587 396 1611 ut
418 1577 491 1623 ipse
516 1577 562 1611 ait
587 1577 622 1610 in
645 1577 798 1620 Prologo
823 1577 866 1610 ad
891 1577 1087 1610 Damasum.
1135 1574 1322 1609 Homiliam

180 1642 334 1686 priorem
358 1641 393 1673 in
418 1650 531 1686 partes
557 1641 637 1691 duas
662 1631 842 1685 perperam
862 1639 1031 1674 Merlinus
1055 1638 1231 1680 dissecuit;
1254 1638 1324 1683 pri-

179 1717 270 1736 mam
295 1712 427 1749 partem
453 1703 618 1749 epistolae
650 1715 714 1748 pro
739 1702 956 1736 Praefatione
987 1701 1170 1735 venditans.
1217 1700 1323 1734 Erro-

181 1778 255 1798 rem
280 1765 438 1799 viderunt
461 1766 632 1808 Erasmus,
658 1774 692 1798 et
716 1765 968 1806 Genebrardus,
994 1774 1026 1798 et
1050 1764 1085 1798 in
1108 1763 1176 1798 suis
1201 1762 1324 1797 editio-

182 1827 281 1861 nibus
308 1837 543 1871 correxerunt3
568 1837 664 1873 parte
688 1837 829 1872 utraque
855 1828 890 1860 in
912 1840 1018 1860 uuum
1043 1826 1233 1873 conjuncta.

273 1890 369 1924 VIII.
416 1890 603 1936 Superiore
627 1890 779 1923 sectione
804 1889 959 1930 diximus,
985 1889 1169 1932 Origenem
1192 1887 1325 1930 triginta

183 1952 426 1992 voluminibus,
452 1962 485 1985 et
510 1952 627 1995 viginti
653 1951 803 1997 quinque
820 1951 981 1985 Homiliis
995 1950 1113 1984 lsaiam
1130 1949 1325 1995 explicasse.

183 2014 213 2049 E
238 2014 326 2048 libro
347 2013 459 2060 primo
486 2013 819 2048 Commentariorum
851 2012 1075 2056 fragmentum
1099 2011 1201 2046 affert
1223 2011 1324 2046 Pm-

185 2076 298 2122 philus
326 2076 359 2109 in
385 2075 632 2120 Apologetico;
664 2085 697 2108 et
730 2075 822 2108 aliud
847 2074 950 2121 paulo
977 2084 1056 2119 post
1080 2088 1098 2108 e
1123 2075 1210 2108 libro
1222 2073 1326 2123 ,vige-

184 2139 271 2173 simo
298 2147 430 2173 octavo.
477 2138 527 2171 Ex
558 2136 718 2171 Homiliis
751 2146 930 2182 supersunt
962 2136 1102 2170 omnino
1134 2149 1261 2171 novem
1290 2135 1325 2169 in

191 2223 233 2230 ..υ-

284 2281 316 2324 ¹)
342 2279 411 2315 Cfr.
451 2278 599 2313 Perkins.
641 2278 675 2312 in
715 2278 934 2312 Problemate
971 2277 1013 2311 de
1051 2277 1214 2312 ementito
1244 2273 1324 2308 fidei

186 2324 362 2360 Romanae
388 2322 644 2359 Catholicismo.

1412 325 1413 332 l

1410 340 1413 354 4
