1422 2472
374 82 684 116 Omen-namnum
709 83 822 116 Lmen
845 83 909 115 111.
1143 81 1204 115 171

77 169 301 214 reperiuntur.
348 170 496 203 Eosdem
528 171 769 216 complectitur
793 172 922 205 Tomos
953 180 1086 216 praeter
1116 170 1207 203 deci-

77 245 186 274 mum,
219 241 253 265 et
277 232 473 274 vigesimum
499 243 653 266 octavum
679 243 885 266 memoratus
916 233 1003 266 liber
1026 233 1060 265 in
1083 233 1208 265 biblio-

76 294 193 326 thecae
223 293 403 327 Bavaricae
435 294 608 336 catalogo.
667 296 707 327 At
739 296 856 328 Codex
884 294 1111 327 bibliothecae
1141 295 1208 326 Ve-

76 363 173 387 netae
196 355 300 388 sancti
325 356 452 395 Marci,
485 355 565 388 licet
590 356 686 398 Regii
716 356 901 389 consimilis
926 356 985 397 sit,
1016 369 1078 388 nec
1108 356 1206 400 plura

75 416 213 457 habeat,
242 430 260 449 a
285 417 410 449 callido
443 426 553 450 tamen
579 418 717 451 librario
749 419 783 451 in
808 419 938 451 Tomos
964 417 1099 460 triginta
1120 418 1207 450 duos

77 478 275 512 distributus
298 478 374 518 fuit,
399 478 458 512 hac
482 488 552 512 arte
578 480 711 513 lacunas
732 490 766 513 et
782 480 891 513 hiatus
916 480 1035 519 celare,
1060 488 1093 512 et
1116 479 1206 524 apud

76 540 228 573 incautos
259 539 487 581 dissimulare,
524 550 556 574 et
593 555 656 586 pro
688 541 819 583 integro
853 541 1027 573 venditare
1059 541 1206 573 volente.

75 601 127 634 Eo
152 601 200 641 fit,
222 611 261 634 ut
284 602 428 634 eundem
452 603 542 635 hunc
566 615 635 635 esse
659 612 798 647 putem,
824 603 880 647 qui
904 601 970 634 fuit
992 601 1094 643 Diegi
1118 602 1205 635 Hur-

74 662 154 702 tadi,
179 663 305 708 quique
327 663 430 696 simili
454 665 537 697 dolo
556 665 717 697 dissectus
734 664 835 697 fuisse
852 673 1072 698 memoratur.
1110 664 1206 696 Hane

75 723 264 756 Tomorum
288 725 519 768 partitionem,
543 739 641 771 quam
666 735 799 758 secutus
817 736 865 758 est
878 725 1064 765 Ferrarius,
1089 726 1204 757 falsam

76 796 144 817 esse
168 795 309 827 arguunt
331 786 525 828 fragmenta,
550 801 635 833 quae
659 800 677 819 e
703 797 822 832 quarto
849 787 962 820 Tomo
986 789 1207 832 proferuntur

73 845 107 878 in
142 856 263 891 quarto
294 847 502 881 philocaliae
533 849 661 894 capite,
701 858 733 881 et
769 849 803 881 in
841 849 958 893 quinto
989 849 1207 894 reperiuntur

74 907 187 941 Tomo
224 909 442 942 Fen-arianae
488 910 786 955 interpretationis.
849 910 1017 944 Similiter
1055 924 1072 942 e
1111 920 1204 942 sexto

75 968 188 1002 Tomo
212 971 413 1015 particulam
435 972 554 1005 recitat
577 973 721 1006 Basilius
755 973 829 1006 libr.
857 973 898 1005 de
924 972 1055 1016 Spiritu
1079 982 1206 1011 sancto,

76 1044 147 1075 cap.
169 1032 223 1066 29.
269 1032 384 1065 Exstat
412 1033 470 1066 illa
507 1034 542 1066 in
576 1045 669 1067 sexto
702 1035 815 1067 Tomo
849 1034 986 1066 Codicis
1018 1034 1134 1075 Regii,
1170 1033 1204 1065 in

75 1101 195 1125 octavo
222 1107 303 1127 vero
320 1095 535 1127 Ferrarianae
558 1095 856 1139 interpretationis.
906 1095 1071 1128 Codicum
1099 1109 1203 1139 porro

75 1155 226 1187 omnium
252 1168 290 1188 ea
316 1165 364 1188 est
386 1156 576 1189 similitudo
602 1157 690 1190 inter
719 1170 753 1189 se
779 1167 811 1189 et
836 1157 1072 1197 congruentia,
1105 1167 1141 1189 ut
1167 1171 1204 1189 ex

75 1229 142 1248 uno
168 1218 351 1262 exemplari
376 1218 564 1262 descriptos
596 1231 665 1251 esse
696 1231 812 1251 omnes
843 1231 906 1263 pro
933 1227 1025 1250 certo
1053 1219 1203 1252 habeam.

74 1277 213 1310 Praeter
242 1279 418 1323 superiora
442 1280 593 1322 exiguam
618 1293 636 1312 e
660 1281 772 1313 Tomo
798 1281 946 1312 secundo
980 1280 1013 1312 in
1037 1280 1204 1313 Joannem

73 1339 273 1382 particulam
302 1340 431 1384 promit
453 1340 651 1384 Pamphilus
681 1340 715 1372 in
740 1340 986 1384 Apologetico,
1023 1343 1204 1375 secundam

76 1400 345 1435 criminationem
371 1403 560 1436 confutans.
611 1401 730 1446 Capite
755 1411 874 1446 quarto
906 1401 1114 1436 philocaliae
1140 1406 1206 1437 fra—

76 1472 209 1505 gmenta
232 1464 446 1496 adducuntur
470 1477 487 1496 e
513 1472 632 1508 quarto
651 1463 784 1504 T0m0;
808 1463 891 1495 item
918 1465 1028 1509 capite
1053 1467 1205 1510 sequenti

76 1525 141 1557 alia
164 1525 346 1567 fragmenta
371 1539 388 1558 e
413 1525 628 1558 Praefatione
657 1525 765 1570 quinti
789 1525 892 1558 Tomi
924 1525 957 1557 in
982 1527 1071 1559 idem
1096 1528 1207 1561 Evan-

77 1586 219 1628 gelium3
256 1586 349 1633 cujus
381 1586 603 1619 Praefationis
633 1587 734 1620 aliam
768 1601 904 1632 quoque
938 1588 1133 1632 portionem
1172 1591 1206 1623 in

79 1659 177 1694 caput
193 1649 247 1684 25.
273 1648 351 1681 libri
375 1648 458 1681 sexti
483 1647 652 1681 Historiae
677 1649 842 1681 Eusebius
866 1650 1005 1683 infersit.
1053 1651 1101 1683 Ex
1116 1653 1206 1696 ,Ori-

77 1723 158 1752 gene
194 1711 227 1743 in
259 1711 400 1744 Joannis
433 1720 533 1755 caput
569 1720 698 1743 sextum
731 1710 868 1743 lacinias
906 1714 1063 1756 quasdam
1104 1715 1206 1748 exiles

77 1774 209 1816 profert
231 1773 438 1815 Bulengerus
462 1772 495 1804 in
521 1772 816 1816 Disputationibus
840 1783 954 1806 contra
971 1775 1206 1809 Casaubonum

78 1834 167 1867 Part.
185 1835 216 1868 2.
252 1835 396 1867 Diatrib.
419 1834 451 1869 3.
484 1847 557 1878 pag.
583 1834 678 1874 251„
711 1848 789 1878 quas
822 1848 897 1866 cum
931 1836 1073 1869 Codices
1106 1851 1206 1870 manu

78 1897 193 1941 scripti
219 1897 551 1930 Commentariorum
576 1896 610 1928 in
634 1895 670 1928 id
683 1896 900 1938 Evangeliurn
927 1911 995 1930 non
1021 1900 1207 1940 exhibeant,

79 1971 116 1990 ex
134 1959 267 1991 Catenis
292 1959 457 2004 prodiisse
483 1959 550 1990 veri
575 1958 726 1990 absimile
750 1971 819 1989 non
845 1968 904 1990 est.
940 1959 1097 2004 Denique
1122 1962 1209 1994 inter

80 2020 246 2052 Humilias
276 2020 309 2053 in
343 2020 492 2053 diversos
526 2021 611 2053 duae
641 2020 806 2051 habentur
837 2019 870 2051 in
894 2021 1081 2060 Joannem,
1122 2036 1205 2066 quae

79 2095 154 2113 cum
180 2092 307 2114 certum
331 2092 502 2115 auctorem
528 2095 596 2114 non
621 2083 781 2120 habeant,
813 2082 914 2124 paulo
941 2092 1018 2126 post
1042 2096 1102 2114 suo
1130 2084 1206 2116 loco

79 2143 337 2176 ventilabuntur.

170 2204 314 2236 Unicum
346 2217 497 2250 superest
528 2208 561 2239 in
596 2207 843 2252 Apostolorum
870 2207 952 2237 Acta
984 2208 1207 2247 fragmentum

80 2266 246 2308 Origenis,
274 2280 289 2298 e
316 2277 428 2309 quarta
456 2269 641 2300 detractum
659 2267 820 2304 Homilia,
847 2268 939 2309 quod
964 2267 1066 2311 capiti
1089 2268 1206 2302 Philo-
