1422 2472
364 113 678 147 Ornet-:mmmmm
704 113 818 146 Lmen
843 113 885 146 11.
1148 110 1191 145 73

61 201 245 234 desciscent
267 214 286 234 a
310 211 400 234 recta
424 203 504 242 fide,
529 211 562 234 et
586 203 794 235 extollentur
819 201 956 247 quidem
982 201 1014 233 in
1039 214 1073 233 se
1100 200 1192 244 ipsis,

61 273 97 296 ut
124 277 199 296 cum
224 263 341 297 divino
366 263 478 297 David
500 265 531 308 ¹)
557 263 679 303 dicam,
704 263 763 308 qui
788 264 1002 296 exacerbant:
1034 262 1067 294 in
1090 262 1192 294 auda-

62 324 112 357 cia
138 338 218 358 vero
245 338 302 358 sua
327 326 561 366 destruentur,
594 334 627 357 et
657 324 803 357 altitudo
830 337 947 356 eorum
972 333 1110 369 repente
1136 324 1193 356 de-

61 386 183 420 cidet.«
232 387 371 420 Dictum
398 400 449 420 res
482 386 736 431 comprobavit:
770 386 934 419 suffectus
965 386 1054 418 enim
1086 385 1192 418 Sabae

62 458 146 480 nutu
170 448 204 481 in
228 449 368 482 Joannis
394 449 508 481 locum
533 448 669 487 Paulus,
695 447 745 479 vir
769 447 929 491 simplex,
954 447 987 479 in
1012 446 1195 479 monacho-

62 522 137 542 rum
163 519 299 543 coetum
324 519 468 554 quatuor
492 510 646 542 homines
685 509 890 550 origeniana
923 509 979 540 lue
1004 508 1194 540 laborantes

63 583 131 603 non
155 571 232 604 satis
261 581 439 615 perspecta
469 584 587 603 eorum
618 570 770 603 doctrina
805 569 958 602 admisit:
991 583 1075 614 quos
1106 569 1195 601 inter

65 631 190 675 primas
213 631 413 665 obtinebant
437 634 576 665 Nonnus
610 631 746 676 quidam
771 631 998 671 Palaestinas,
1021 644 1090 663 non
1116 630 1194 664 Ori-

62 694 262 735 genistarum
288 695 468 733 duntaxat,
490 694 549 726 sed
574 693 763 726 Gentilium
789 693 890 725 etiam
915 702 947 725 et
971 692 1192 725 Manichaeo-

63 768 137 787 rum
164 755 335 787 erroribus
359 755 570 800 implicatus,
604 764 637 787 et
662 755 824 787 Leontius
848 754 1041 801 Byzantius,
1067 754 1132 793 vel,
1158 763 1195 785 ut

60 816 134 848 aliis
159 817 287 860 placet,
316 816 524 860 Byzacenus.
572 816 618 849 Hi
649 817 710 849 sub
736 819 908 861 Agapeto‚
943 829 1045 861 quem
1075 816 1192 848 Novae

62 878 190 911 Laurae
215 891 368 922 praeesse
392 878 532 924 jusserat
555 878 678 918 Sabas,
710 888 892 924 postquam
922 878 1047 911 Paulus
1073 877 1193 910 solitu<

65 939 150 973 dinis
174 952 287 973 amans
311 940 346 973 in
370 939 528 972 Arabiam
553 940 705 980 secessit,
730 940 887 973 insaniam
916 953 1009 972 suam
1034 938 1196 983 prodide-

64 1010 152 1034 runt.
201 1001 287 1045 Quo,
307 1011 485 1046 comperto
510 1001 607 1033 Eliae
625 1001 949 1047 Hierosolymorum
975 999 1140 1045 episcopi,
1165 1009 1197 1031 et

65 1063 172 1096 Sabae
198 1063 347 1098 *consilio
378 1077 456 1096 usus
491 1066 677 1107 Agapetus,
709 1076 750 1095 ne
784 1063 882 1095 latius
913 1072 1064 1107 serperet
1095 1063 1196 1101 labes,

67 1124 274 1165 origenistas
304 1125 411 1156 Laura
443 1125 620 1157 confestim
654 1124 852 1157 exturbavit.
908 1126 978 1157 Nec
1015 1124 1197 1168 impetrare

65 1192 252 1228 potuerunt
275 1185 324 1217 illi
343 1187 383 1218 ab
400 1185 712 1232 Hierosolymitano
738 1186 905 1230 praesule,
932 1185 989 1229 qui
1002 1185 1097 1217 Eliae
1122 1198 1196 1216 suc-

68 1246 176 1286 cessit,
195 1256 238 1280 -ut
262 1245 295 1279 in
320 1248 488 1289 integrum
512 1246 789 1289 restituerentur;
815 1247 926 1291 quoad
953 1259 1010 1278 eos
1035 1247 1197 1286 Maemas,

68 1317 146 1352 post
167 1308 308 1352 Agapeti
333 1309 476 1349 obitum,
500 1310 617 1341 Novae
642 1309 770 1340 Laurae
794 1319 907 1341 rector
930 1307 1094 1352 suscepit,
1120 1308 1198 1342 Ori-

67 1369 254 1411 genismum
279 1369 416 1414 quidem
441 1369 474 1402 in
499 1370 574 1402 sinu
598 1379 772 1411 gestantes,
796 1370 855 1402 sed
880 1370 988 1403 Sabae
1012 1379 1104 1402 metu
1130 1369 1199 1402 ani-

66 1445 167 1468 mum,
185 1431 444 1465 dissimulantes.

157 1494 202 1528 Π.
250 1493 445 1526 Grassantes
477 1493 606 1526 interea
644 1506 707 1538 per
740 1492 966 1525 Palaestinam
998 1493 1202 1526 Samaritani

68 1555 222 1588 maximis
254 1555 498 1588 calamitatibus
529 1569 602 1588 rem
633 1555 856 1588 Christianam
888 1555 1088 1587 afflixerunt.
1142 1554 1201 1587 Ni-

71 1618 152 1651 liilO.
173 1617 281 1651 secius
312 1617 557 1656 Justinianum‚
590 1616 727 1662 ejusque
760 1616 939 1663 conjugem
970 1616 1200 1659 Theodoram,

68 1691 186 1712 recens
209 1679 389 1723 imperium
422 1679 564 1722 adeptos
599 1678 751 1711 confictis
784 1677 957 1711 calumniis
984 1677 1204 1719 circumvenit

71 1741 123 1773 vir
147 1741 307 1782 dignitate
332 1740 481 1779 illustris,
505 1739 643 1772 nomine
670 1740 848 1779 Arsenius,
877 1750 947 1772 arte
972 1749 1143 1772 veterator
1166 1754 1204 1772 ac

69 1804 286 1849 sycophanta,
312 1812 344 1835 et
368 1802 656 1835 Samaritanorum
680 1802 857 1835 seditionis
883 1814 1029 1839 caussam
1055 1801 1088 1833 in
1108 1801 1204 1834 Chri-

71 1865 194 1898 stianos
225 1864 361 1897 refudit.
415 1863 549 1906 Quibus
588 1863 733 1908 acceptis
769 1865 892 1897 Sabam
924 1864 1119 1896 refutandae
1153 1877 1204 1895 ca-

73 1926 218 1960 lumniae
243 1926 284 1961 ad
309 1927 554 1969 Imperatorem
578 1925 701 1965 allegat
717 1925 1046 1971 Hierosolymitanus
1071 1925 1205 1956 antistes

75 1999 161 2021 anno
195 1988 321 2021 Christi
345 1987 422 2022 530.
477 1986 678 2019 Liberaliter
714 1999 790 2018 eum
825 1986 949 2030 excipit
987 1987 1205 2025 Justiiiiamis,

77 2049 277 2094 prolixeque
310 2048 423 2081 onmia
456 2049 576 2082 defert.
624 2048 713 2081 Tum
746 2061 826 2080 vero
851 2061 932 2092 prae
959 2048 1076 2080 ceteris
1102 2061 1205 2080 uuum

77 2111 110 2143 id
137 2111 233 2143 enixe
258 2110 443 2155 postulavit
467 2111 590 2150 Sabas,
622 2118 660 2142 ut
685 2109 774 2150 Arii,
799 2110 966 2149 Nestorii,
993 2119 1026 2142 et
1051 2109 1206 2150 Origenis

173 2283 205 2326 ¹)
231 2282 301 2315 Csr.
326 2282 448 2314 Psalm.
473 2283 594 2322 LXVI,
620 2283 648 2316 7.
