1413 2482
186 50 254 85 298
527 54 561 86 S.
587 53 763 85 ΡΑΜνιιιιι
792 52 979 86 ΜΑιιΤΥιιιε

187 141 264 174 dem
293 141 384 186 quod
410 151 443 174 ct
467 141 598 174 honore
623 140 821 186 presbyterii
844 140 878 173 in
903 141 1043 174 ecclesia
1061 142 1232 187 praeditus
1247 143 1319 175 suc-

188 203 248 244 rit‚
280 213 313 236 ct
344 203 444 235 vitam
475 203 789 236 abstinentissimam
821 203 945 245 egerit,
975 213 1008 237 et
1037 204 1134 238 valde
1163 204 1319 249 pbiloso-

185 265 376 309 phicam,¹)
409 265 568 310 quodque
599 277 719 309 puram
755 265 926 307 religionis
958 266 1185 299 observaverit
1219 266 1317 300 disci-

187 327 334 371 plinam,
365 335 398 359 et
428 339 507 371 prae
539 327 658 359 ceteris
695 327 798 359 verbo
833 326 888 359 dci
918 335 952 360 et
981 327 1155 360 doctrinae
1180 340 1317 372 operam

186 388 375 432 dederit,²)
399 388 485 421 nulli
510 388 651 421 dubium
680 398 729 422 est
753 398 786 421 et
810 402 849 422 ex
873 388 939 428 his,
965 402 1048 434 quae
1073 390 1115 422 ad
1138 403 1200 423 nos
1225 389 1319 422 labo—

185 450 230 483 ris
255 460 287 482 et
310 450 412 483 studii
438 449 508 497 ejus
533 450 715 483 certissima
740 450 953 493 designantur
974 450 1117 487 indicia:
1140 450 1321 496 praecipue

186 525 267 544 vero
298 525 360 557 per
392 525 450 545 eos
482 512 676 552 Tractatus,
709 525 794 556 quos
826 525 911 556 pene
944 513 1098 557 quotidie
1122 513 1156 546 in
1179 513 1320 546 ecclesia

186 574 330 607 habebat
354 587 392 607 ex
416 583 590 619 tempore,
616 587 700 618 quos
726 583 759 607 et
783 573 1009 607 describentes
1032 575 1154 608 notarii
1180 576 1222 608 ad
1245 589 1320 608 mo-

183 635 371 669 nimentum
394 636 600 680 posteritatis
631 636 816 672 tradebant.
865 636 1082 681 Consequens
1105 638 1206 681 igitur
1238 647 1321 677 erat,

186 712 225 731 ex
249 697 299 732 his
324 698 480 730 omnibus
505 699 660 730 laborum
686 707 718 730 et
742 698 931 731 studiorum
955 711 1093 732 suorum
1118 700 1319 734 testimoniis

186 759 346 804 amplecti
374 759 476 792 talem
510 760 637 792 virum:
669 769 702 792 et
733 762 841 805 n'eque
875 760 1080 794 defensionis
1103 762 1218 794 studio
1243 763 1319 806 plus

186 824 264 855 dare
296 822 372 865 ei³)
402 820 514 854 meriti
547 834 646 866 quam
678 834 831 854 mensura
862 823 1037 867 deposcit,
1068 836 1176 868 neque
1207 837 1320 856 rursus

187 884 400 918 obtrectandi
425 883 506 916 vitio
533 883 631 916 facile
657 884 894 924 condemnare,
918 894 951 916 et
974 884 1122 917 alienum
1147 886 1188 918 ab
1213 885 1319 918 eccle·

185 946 317 980 siastica
342 945 496 979 doctrina
519 955 647 978 temere
671 945 908 990 pronuntiare:
933 960 1009 979 cum
1024 956 1206 992 utrumque
1230 948 1318 980 istud

183 1007 422 1054 praecipitium
446 1007 629 1051 providens
640 1007 673 1051 ⁴)
704 1016 780 1039 ante
812 1007 944 1040 divinus
973 1021 1084 1041 sermo
1108 1010 1321 1054 prohibuerit

187 1072 318 1104 dicens:
345 1070 489 1113 »N0n⁵)
512 1068 554 1101 sit
578 1068 612 1101 in
636 1078 669 1101 te
694 1081 849 1102 mensura
873 1068 1000 1115 major,
1031 1083 1141 1115 neque
1165 1084 1320 1104 mensura

186 1133 308 1166 minor.
356 1131 595 1164 Abominabile
610 1140 660 1164 est
678 1130 765 1163 enim
784 1130 817 1163 in
836 1141 1017 1176 conspectu
1034 1132 1178 1165 Domini
1192 1142 1320 1166 utrum-

188 1208 285 1240 que.«
332 1192 524 1237 Unicuique
552 1192 652 1232 enim,
676 1202 779 1238 prout
798 1194 934 1236 dignum
953 1203 1014 1234 est,
1038 1195 1243 1238 tribuere,⁶)
1269 1194 1320 1239 ju-

186 1257 296 1290 stitiae
321 1256 387 1288 hoc
409 1254 587 1300 proprium
613 1263 671 1287 est.
713 1255 860 1300 Propter
884 1256 975 1300 quod
1001 1265 1034 1288 et
1057 1268 1211 1288 mensura
1234 1256 1319 1289 inte-

188 1332 255 1362 gra,
279 1327 313 1351 et
336 1318 470 1362 pondus
493 1316 631 1361 aequale
656 1317 863 1361 acceptabile
894 1327 944 1350 est
973 1318 1064 1362 apud
1088 1318 1219 1358 Deum,
1249 1331 1317 1351 non

188 1382 264 1422 hoc,
289 1379 381 1425 quod
407 1379 569 1411 mentitur
591 1379 774 1418 veritatem,
798 1392 858 1423 per
883 1380 974 1424 quod
1002 1380 1054 1412 vel
1078 1380 1155 1424 plus
1175 1381 1320 1413 donatur

187 1444 306 1482 rebus,
334 1454 433 1487 quam
462 1440 583 1473 merita
608 1441 856 1486 exposcunt,“')
888 1443 941 1473 vel
964 1442 1170 1474 subtrahitur
1191 1442 1320 1476 meritis

188 1505 282 1551 quod
306 1505 458 1537 debetur.
506 1502 643 1546 Quanto
673 1502 796 1535 rectius
827 1513 961 1545 agerent
984 1504 1229 1537 obtrectatores
1253 1504 1318 1544 isti,

189 1569 217 1601 si
240 1569 363 1613 absque
390 1566 458 1598 ulla
482 1565 585 1598 animi
609 1565 862 1611 praeventione,
887 1566 1008 1608 cum‘3)
1038 1565 1131 1598 omni
1153 1565 1317 1608 religione

287 1721 318 1763 ¹)
342 1719 525 1754 Merlinust
551 1718 823 1762 plziIosoploeaIem,
849 1719 1000 1761 quodque
1019 1728 1130 1761 purae
1151 1725 1213 1749 etc.
1249 1717 1317 1749 Ge-

191 1765 390 1798 nebrardus:
414 1765 689 1809 philosophicam,
718 1764 868 1806 quodque
889 1774 999 1807 purae
1023 1773 1085 1795 etc.
1112 1762 1191 1795 Mss.
1216 1775 1313 1794 vcro:

189 1810 431 1856 philosopham,
455 1811 606 1853 quodque
625 1820 750 1852 puram
775 1816 838 1840 etc.
860 1808 890 1840 R

284 1867 318 1910 ²)
342 1865 428 1898 Edd.
455 1866 502 1898 M.
536 1866 675 1904 dederit,
701 1864 838 1897 dubium
861 1876 927 1897 non
951 1870 999 1896 est
1023 1869 1054 1895 et
1076 1875 1118 1895 ea:
1142 1871 1203 1896 etc.

282 1924 317 1966 ³)
343 1921 451 1954 Alias:
475 1924 548 1963 ejus
571 1922 712 1953 meritis.
739 1920 776 1952 R.

286 1982 320 2023 ⁴)
346 1977 454 2011 Aiias:
476 1978 677 2021 praefidens
701 1983 790 2009 aule.
815 1976 855 2008 R.

287 2037 320 2080 6)
345 2034 414 2067 Csr.
439 2033 539 2066 Prov.
563 2032 639 2071 XX.
665 2032 717 2066 10.

287 2093 322 2135 ⁶)
345 2090 431 2123 Edd.
458 2089 504 2121 M.
531 2089 728 2129 retribuere,
743 2090 903 2130 justitiae
923 2090 1099 2133 proprium
1122 2096 1180 2122 est.

289 2148 322 2190 ⁷)
348 2147 435 2179 Edd.
461 2146 508 2178 M.
535 2147 725 2189 deposcunt.
833 2165 847 2170 -

288 2205 321 2248 8)
346 2201 572 2247 Reperiuntur
603 2201 636 2233 in
667 2201 764 2234 editis
796 2202 839 2244 (c.
866 2216 892 2236 c.
920 2202 995 2235 edd.
1021 2202 1099 2241 M),
1130 2202 1188 2234 scd
1220 2202 1316 2234 omit-

201 2261 311 2284 tuntur
336 2250 369 2282 in
399 2249 476 2282 Mss.
503 2247 622 2280 uostris
648 2248 764 2279 verba:
789 2259 861 2280 cum
886 2260 973 2280 omne
998 2249 1172 2290 reliqioraee.
1199 2247 1236 2280 R.
