1413 2482
167 93 232 128 196
497 92 608 125 Perm
632 92 807 126 Daunus
831 93 966 128 Hoss‘rn
983 114 986 118 ·

167 194 199 217 et
223 193 334 217 sextae
361 181 519 215 editionis
543 181 719 224 meminit;
743 192 777 216 et
803 195 878 215 cum
905 183 1059 228 Hexapla
1084 184 1227 223 vocitat,
1251 184 1302 216 in-

170 246 292 287 telligit
316 244 477 288 Tetrapla
503 243 726 284 Graecanica,
758 257 835 277 cum
865 245 979 290 Diplis
1002 245 1192 286 Hebraicis,
1217 258 1302 290 quae

166 307 317 351 Hexapla
341 306 539 338 faciebant«
581 305 625 338 Et
649 318 728 337 mox
753 306 862 339 allatis
887 306 1088 351 quibusdam
1101 307 1302 354 Hieronymi

169 369 269 407 locis,
294 369 326 401 in
353 368 475 413 quibus
501 368 652 401 Graecae
677 368 789 400 solum
815 378 961 413 quatuor
984 369 1304 402 editiones‹memo—

167 441 292 470 rantur,
315 430 469 476 subjicit:
505 431 678 475 »Apparet
704 443 742 463 ex
767 430 834 471 his,
859 430 1041 474 Origenem
1067 440 1212 476 quatuor
1229 440 1305 464 un·-

167 503 239 525 tum
276 493 440 525 editiones
477 492 566 524 inter
601 505 636 525 se
675 505 902 537 comparasse,
941 502 973 525 et
1010 491 1242 537 composuisse
1269 492 1304 526 in

168 554 356 600 Tetraplis,
390 566 474 599 quae
505 567 583 586 cum
613 555 746 586 duobus
772 554 948 587 Hebraicis
978 555 1125 587 textibus
1155 553 1310 598 Hexaph>

167 617 226 650 illa
250 615 400 649 ecclesiis
427 615 580 648 dedicata
605 617 860 649 contexebant.-‹
911 615 1012 649 Certe
1043 616 1081 649 in
1105 615 1310 662 Hieronymi

168 678 277 711 verbis
302 691 319 711 a
343 691 399 710 me
422 691 521 723 supra
547 678 656 711 allatis
676 690 693 710 e
713 677 974 723 Commentariis
1000 678 1035 711 in
1060 677 1312 723 epistolamvnd

168 740 304 780 Titum,
334 740 462 772 mentio
489 740 526 772 fit
551 739 689 784 quintae
713 749 745 772 et
777 749 888 772 sextae
914 739 1103 786 editioniss
1125 749 1161 772 et
1181 738 1309 783 saepis-.-

167 802 249 834 sime
276 803 307 834 in
334 801 477 846 epistola
512 802 554 834 ad
579 801 718 835 suniam
750 811 782 834 et
807 802 1014 845 1⁴*reteliam,
1047 801 1188 846 aliisque
1213 799 1309 833 loeis.

168 864 318 908 Hexapla
343 873 455 896 autem
481 863 569 896 dicta
601 873 678 896 sunt
709 876 764 902 ea,
798 877 866 896 non
899 876 984 909 quae
1009 863 1171 908 Tetrapla
1194 862 1308 896 solum

167 926 391 964 Graecanica,
431 938 508 958 cum
544 924 659 969 Diplis
699 924 892 965 Hebraicis,
934 927 994 958 sed
1034 937 1119 969 quae
1155 923 1308 968 quintam

167 997 352 1032 praeterea,
378 996 411 1019 et
433 996 571 1026 sextam,
595 998 633 1019 ac
658 986 836 1031 septimam
859 987 1057 1026 editionem,
1082 998 1152 1019 non
1169 986 1309 1030 ubique,

168 1050 226 1081 sed
264 1049 299 1081 in
331 1048 500 1093 aliquibus
531 1048 643 1080 solum
677 1049 770 1081 libris
802 1048 993 1094 adjunctam
1026 1048 1196 1081 haberent.
1249 1047 1310 1080 Ait

169 1111 271 1155 paulo
297 1119 376 1154 post
399 1109 601 1143 Salmasius:
636 1110 724 1143 »Sed
751 1119 784 1143 et
809 1119 937 1143 veteres
963 1110 1096 1149 Patres,
1122 1122 1160 1142 ex
1184 1109 1308 1153 quibus

170 1171 381 1216 compositae
408 1172 566 1211 Catenae,
590 1180 628 1203 ut
652 1180 787 1210 vocant,
814 1170 848 1203 in
873 1171 1024 1203 diversos
1041 1170 1174 1204 Veteris
1190 1170 1309 1203 Testa-

169 1235 277 1268 menti
303 1234 408 1267 libros
434 1234 607 1276 leguntur,
640 1246 811 1277 nunquam
845 1232 945 1265 citant
970 1232 1146 1266 varietates
1170 1232 1311 1265 transla-

168 1298 302 1330 tionum
334 1310 351 1329 e
377 1295 494 1341 quinta
528 1305 561 1328 et
585 1304 674 1328 sexta
702 1294 870 1333 editione,
903 1295 962 1327 sed
995 1307 1033 1327 ex
1066 1304 1210 1339 quatuor
1240 1293 1308 1327 illis

170 1368 318 1398 tantum,
351 1370 431 1402 quas
464 1356 610 1389 invicem
645 1365 882 1401 composuerat
907 1355 1087 1397 Origenes,
1123 1368 1161 1388 ex
1186 1355 1309 1400 quibua

170 1420 331 1464 Teu-:mpla
371 1420 514 1458 fecerat,
557 1428 590 1451 et
632 1431 707 1450 cum
750 1417 885 1459 gemino
930 1417 1100 1450 Hebraico
1135 1417 1309 1457 Ἐξαπλᾶ.

171 1483 320 1516 Consule
351 1490 447 1514 notas
471 1479 632 1513 Flaminii
660 1479 811 1519 Nobilii,
845 1492 944 1524 quam
976 1491 1076 1524 saepe
1110 1479 1311 1524 quintaemc

171 1554 280 1577 sextae
317 1542 476 1577 editionis
508 1542 671 1575 variantes
704 1541 869 1574 lectiones
901 1541 1006 1574 citent
1028 1541 1144 1575 Patres
1169 1541 1311 1586 antiqui,

171 1606 412 1650 deprehendes.
461 1604 600 1637 Falsum
627 1617 763 1649 quoque
789 1616 859 1636 esse
884 1612 1041 1648 apparet,
1066 1603 1160 1648 quod
1185 1602 1311 1648 jactant

171 1668 376 1700 recentiores
398 1666 546 1711 quidam,
568 1665 752 1708 Origenem
773 1666 867 1698 nulla
883 1678 1031 1710 unquam
1046 1664 1192 1709 Octapla
1214 1677 1308 1698 com-

170 1727 339 1772 posuisse,
373 1728 432 1760 sed
468 1727 620 1772 Hexapla
657 1728 836 1767 duntaxat,
875 1736 908 1760 et
942 1725 1112 1771 Tetrapla.
1160 1725 1311 1771 Octapla

173 1798 261 1822 certe
293 1789 411 1821 itidem
441 1799 479 1822 ut
507 1790 659 1834 Hexapla
697 1789 892 1834 composuit
924 1787 1106 1830 Origenes,
1145 1787 1310 1832 quoniam

170 1850 264 1883 idem
287 1863 373 1894 opus
389 1850 579 1895 Hexaplum
604 1861 638 1884 et
655 1851 840 1895 Octaplum
865 1849 967 1882 fuisse
991 1849 1310 1883 demonstravimus.-

172 1911 377 1945 Confutatur
415 1911 515 1944 etiam
552 1925 591 1944 ex
626 1911 907 1955 praecedentibus
942 1911 1070 1944 Usserii
1097 1911 1311 1944 Annaei-ani.

171 1986 258 2006 nova
284 1973 413 2018 opinio,
438 1986 505 2006 non
531 1986 652 2018 puram
677 1974 790 2006 solum
814 1983 847 2005 et
873 1973 1082 2006 emendatam
1099 1973 1307 2017 interpreta-

171 2034 299 2067 tionem
325 2035 397 2068 τῶν
427 2033 697 2079 ἑβδομήκοντα,
735 2033 793 2067 sed
818 2034 945 2076 κοινήν
969 2047 1104 2079 quoque
1137 2034 1171 2067 in
1196 2035 1307 2068 Hexa-

172 2096 238 2141 plis
262 2095 535 2130 habitamsuisse
560 2096 746 2136 asserentis,
772 2097 864 2140 quod
887 2096 1095 2129 Bellarmino
1111 2097 1142 2141 ¹)
1167 2103 1310 2141 quoque»

174 2157 306 2190 videtur
337 2158 439 2190 fuisse
471 2170 676 2202 persuasum.
725 2158 1001 2201 Deprehenditur
1025 2171 1162 2202 quoque
1182 2157 1302 2201 >mult-i-

269 2283 298 2323 Ι)
325 2281 393 2313 Cfr.
420 2280 617 2314 Bellarmin.
645 2282 685 2313 de
711 2280 824 2325 script.
852 2281 968 2314 eccles.
