1413 2482
186 93 251 130 116
523 95 637 130 Pam
662 96 833 130 Damzms
858 96 991 132 Rue-ru

441 229 750 280 SEcho
797 233 1067 281 PRIMA.

181 329 324 364 VARIA
349 328 759 365 ORIGENIANORUM
781 332 1116 370 ΕΞΗΓΗΤῙΚΩΝ
1136 331 1325 367 GENERA

556 393 941 430 PERCENSENTUR.
962 432 964 434 ,

180 484 209 518 I.
242 484 455 530 Scripturam
478 496 607 518 sacram
631 485 806 520 Ambrosii
829 495 948 530 rogatu
974 486 1138 530 Origenes
1162 485 1326 532 interpre-

180 558 267 582 tatus
293 557 352 583 est.
402 548 631 583 confutamur
660 548 836 590 nonnulli,
870 548 928 594 qui
959 548 1109 595 primum
1139 549 1326 596 scripturae

179 625 292 647 sacrae
323 611 546 658 interpretem
577 611 690 657 ipsum
720 611 824 646 fuisse
855 612 988 646 volunt.
1036 612 1082 646 ΙΙ.
1115 611 1328 646 Dividuntur

179 675 337 719 Origenis
360 674 542 718 Exegetica
565 674 600 708 in
623 674 781 718 Scholia,
806 674 992 717 Homilias,
1018 684 1051 709 et
1075 675 1223 710 Tomos:
1264 676 1327 710 111.

179 739 222 773 de
248 739 370 785 quibus
395 738 568 782 sigillatim
593 737 777 783 quaeritur.
817 738 877 772 IV.
905 737 1001 783 Quid
1018 738 1084 773 sint
1101 737 1324 784 σημειώσεις,

178 802 379 848 disputatur.
442 801 483 835 V.
519 798 783 847 Ἑρμηνευτικά
823 814 900 847 pars
929 800 1183 848 Ἐξηγητικῶν.
1241 802 1326 849 Epi-

177 864 282 899 stolas
306 865 396 898 inter
419 865 636 911 Syntagmata
669 863 887 897 collocamus.
935 864 993 897 VI.
1033 865 1196 909 Origenes
1220 864 1326 899 histo·

175 927 303 968 ricutn,
334 926 532 974 mysticum,
565 936 599 960 et
628 926 796 960 moralem
828 939 964 960 sensum
998 927 1203 972 perscrutari
1225 927 1326 962 solet.

178 990 256 1024 VII.
283 989 354 1025 Cur
377 989 492 1023 minor
516 989 550 1023 in
575 990 688 1030 Novo,
714 1002 814 1035 quam
839 988 874 1022 in
898 988 1014 1022 Veteri
1038 989 1258 1026 Testamenta
1283 990 1325 1025 ab

415 1052 600 1087 Ambrosio
627 1051 736 1085 dictus
761 1051 822 1092 sit,
847 1050 1078 1094 investigatur.

271 1131 298 1164 l.
334 1135 526 1177 Antequam
559 1130 649 1164 varia
681 1129 968 1172 Origenianorum
995 1129 1239 1178 Ἐξηγητικῶν
1267 1145 1325 1176 ge.

177 1206 258 1227 nera
288 1207 524 1240 percenseam,
560 1202 766 1227 revocentur
803 1193 838 1226 in
873 1193 1075 1227 memoriam
1106 1207 1192 1240 quae
1223 1207 1325 1240 supra

175 1266 291 1291 notata
328 1267 424 1297 sunt,
460 1257 502 1290 ad
535 1256 808 1301 interpretandos
837 1256 1024 1301 scripturae
1061 1269 1173 1290 sacrae
1205 1256 1325 1298 libros,

175 1320 352 1353 Ambrosii
378 1319 547 1360 consiliis,
585 1318 784 1352 auctoritate
811 1327 844 1351 et
867 1328 987 1360 rogatu
1013 1318 1197 1361 Origenem
1220 1318 1325 1352 fuisse

175 1382 379 1428 impulsum,
411 1391 444 1414 et
471 1380 566 1426 quasi
589 1381 762 1420 adactum,
796 1389 834 1413 ut
857 1379 965 1413 amice
990 1381 1032 1414 ab
1058 1393 1098 1414 eo
1123 1381 1196 1426 ipse
1221 1393 1325 1426 expo—

175 1444 278 1478 stulat
309 1443 344 1477 in
377 1442 638 1477 Commentariis
672 1443 713 1476 ad
746 1442 870 1476 Psalm.
896 1443 922 1475 l.
955 1455 1047 1476 num.
1073 1443 1122 1484 2.,
1158 1453 1192 1477 et
1220 1452 1259 1477 ut
1287 1442 1323 1477 in

177 1507 324 1553 quadam
349 1506 513 1552 epistola,
544 1502 644 1551 quam
670 1504 828 1538 exhibent
853 1504 1028 1538 Cedrenus
1052 1514 1086 1538 et
1110 1505 1249 1547 suidas,
1273 1505 1322 1539 le-

174 1569 263 1602 viter
288 1568 528 1614 conqueritur,
561 1567 638 1612 et¹)
663 1575 700 1599 ut
724 1566 798 1612 ipse
823 1567 940 1601 scribit
962 1568 1164 1602 Ambrosius
1190 1568 1226 1602 in
1250 1568 1323 1614 epi-

173 1632 260 1665 stola
285 1632 327 1665 ad
353 1631 552 1674 Origenem,
575 1642 690 1677 ¹quam
723 1619 829 1663 refert
853 1630 1083 1677 Hieronymus
1115 1630 1151 1665 in
1176 1630 1323 1678 epistola

172 1695 214 1728 ad
239 1694 448 1729 Marcellam.

266 1756 502 1790 Confutandus
539 1755 662 1789 deinde
699 1755 790 1789 venit
824 1755 1072 1790 nonnullorum
1105 1768 1220 1796 error,
1261 1753 1321 1801 qui

171 1819 322 1865 primum
347 1819 531 1861 Origenem
556 1818 748 1863 Scripturas
781 1817 886 1851 fuisse
916 1817 1177 1864 interpretatum
1211 1816 1318 1850 literis

171 1880 409 1927 prodiderunt.
447 1881 487 1913 In
504 1879 554 1913 his
571 1881 690 1914 beatus
706 1880 887 1914 Rhenanus
904 1881 947 1914 ad
958 1880 1193 1914 Hermannum
1208 1878 1318 1913 archi-

172 1942 372 1989 episcopum
398 1942 641 1977 Coloniensem
666 1942 715 1976 ita
739 1942 781 1976 de
806 1942 946 1985 Origine
967 1941 1120 1976 disserit:
1153 1940 1318 1987 »Quippe
1342 1978 1345 1980 ,

269 2090 301 2136 ¹)
326 2089 560 2141 Hieronymus
578 2088 613 2122 in
639 2089 699 2122 bac
724 2090 765 2123 ad
791 2087 991 2123 Marcellam
1015 2087 1114 2141 epist.
1144 2086 1196 2124 18.
1209 2105 1225 2128 s
1242 2087 1316 2134 (in-

174 2145 305 2169 certum
341 2148 382 2168 an
416 2134 602 2167 memoriae
647 2135 743 2179 lapsu
755 2135 787 2175 ‚)
825 2133 1009 2168 Ambrosio
1047 2133 1169 2168 tribuit
1206 2133 1316 2179 ipsam

175 2181 334 2224 Origenis
367 2180 563 2225 epistolam,
597 2192 698 2224 quam
731 2179 887 2213 exhibent
920 2180 1094 2214 cedrenus
1126 2188 1160 2212 et
1182 2179 1314 2218 Suidas,

172 2240 339 2279 quamque
365 2226 465 2259 Tom.
490 2235 595 2258 nostr
622 2226 700 2259 edit.
728 2227 753 2258 l
779 2238 851 2270 pag.
878 2226 907 2260 3.
940 2236 1103 2270 tanquam
1135 2224 1312 2267 genuinam

170 2272 276 2315 ipsius
312 2271 466 2314 Origenis
502 2270 679 2303 edidimus.
736 2271 882 2303 Ruaeus.
921 2291 962 2295 -—
1012 2270 1082 2304 cfr.
1120 2269 1172 2302 ed.
1207 2278 1311 2302 nostr.

170 2315 402 2350 '10m.XV11.
428 2328 501 2361 pag
528 2316 558 2351 5
