1422 2472
373 98 685 130 ORffiENIANORUM
710 96 823 128 Lmen
838 94 879 126 11.
1148 94 1192 129 35

55 199 236 232 quamque,
265 199 339 219 cum
365 186 516 218 nondum
544 185 632 217 edita
658 193 760 224 esset,
783 196 918 216 mecum
943 183 1026 215 olim
1049 183 1193 225 benigne

54 248 347 280 communicarunt
372 247 546 280 clarissimi
573 247 692 279 fratres
711 245 850 288 Bigotii‚
876 245 920 278 ita
936 243 1073 278 scribit:
1101 245 1191 278 »Sed

54 311 245 343 reddendae
272 309 516 354 pollicitationi
540 321 609 341 non
634 307 887 352 tempestivum,
911 316 948 339 ut
971 306 1031 339 ille
1049 307 1106 347 ait,
1131 308 1190 339 sed

53 381 320 415 tempestuosum
345 371 442 403 nobis
467 380 601 414 tempus
627 383 664 402 ac
691 368 863 401 turbidum
878 369 954 400 suit.
996 368 1081 412 Quis
1099 369 1189 401 enim

52 433 100 465 ibi
124 433 212 479 stylo
247 433 342 465 locus
368 442 432 471 est,
464 431 523 464 ubi
555 430 690 463 hostilia
720 431 786 463 tela
817 429 1036 462 metuuntur?
1070 430 1130 462 ubi
1154 430 1189 462 in

51 494 160 527 oculis
185 504 236 527 est
257 494 392 526 urbium
423 505 647 537 agrorumque
681 490 847 524 vastatio?
887 490 945 522 ubi
976 491 1103 533 sugitur
1126 504 1189 536 per

53 556 178 588 marina
203 555 413 594 discrimina,
447 564 479 587 et
510 547 553 586 ne
584 554 656 597 ipsa
692 553 829 596 quidem
864 553 988 596 absque
1013 562 1107 585 metu
1131 553 1187 585 ha-

51 619 172 650 bentur
206 616 345 650 exsilia?
382 617 419 648 In
453 623 638 660 conspectu
671 613 813 653 etenim,
848 622 885 644 ut
918 612 1053 645 videbas
1086 613 1187 646 etiam

52 679 135 722 ipse,
159 687 276 710 nostro
301 678 486 717 Barbarus,
519 676 577 721 qui
602 675 754 717 Rhegino
789 673 922 719 oppido
947 673 1112 707 miscebat
1137 674 1188 707 in-

51 739 185 780 cendia,
210 739 443 781 angustissimo
469 751 487 771 a
510 738 608 770 nobis
633 739 741 777 freto,
772 736 832 768 ubi
857 735 973 768 ltaliae
998 736 1111 768 solum
1134 736 1188 770 Si—

50 801 127 834 culo
153 800 340 841 dirimitur,
375 788 588 833 arcebatur.«
644 799 775 841 Agebat
800 810 878 840 ergo
904 806 977 829 tum
1000 797 1035 829 in
1060 797 1187 831 Sicilia.

50 862 107 895 Ait
132 862 271 895 deinde:
299 863 397 896 »Jam
421 861 510 894 enim
536 874 574 893 ex
597 861 765 902 omnibus,
791 872 877 904 quae
901 859 935 891 in
950 859 1038 901 Lege
1062 859 1186 904 scripta

50 923 171 968 reperi,
197 924 300 964 solae,
325 933 362 956 ut
385 933 489 968 puto,
526 923 559 956 in
592 921 865 955 Deuteronomio
892 921 1013 954 desunt
1037 921 1187 954 oratiun-

50 985 157 1026 culae,
181 999 261 1030 quas
286 985 313 1018 si
337 985 507 1018 Dominus
530 984 664 1030 juverit,
689 993 723 1016 et
746 983 921 1016 sanitatem
946 982 1080 1015 dederit
1104 995 1185 1015 ocu—

48 1046 99 1086 lis,
124 1046 277 1091 cupimus
300 1047 434 1091 reliquo
460 1058 606 1090 corpore
631 1044 777 1078 sociare:
815 1044 966 1089 quamvis
999 1044 1185 1077 amantissi-

47 1121 121 1140 mus
145 1108 235 1141 filius
259 1117 375 1141 noster
397 1108 576 1147 Pinianus,
611 1107 704 1153 cujus
735 1105 933 1148 religiosum
958 1115 1093 1138 coetum
1118 1119 1182 1150 pro

47 1182 163 1201 amore
186 1169 371 1213 pudicitiae
396 1170 579 1213 profugum
604 1168 822 1207 comitamur,
854 1167 1003 1212 injungat
1027 1176 1061 1199 et
1084 1167 1180 1199 alia.«

47 1231 204 1264 Pinianus
229 1231 299 1271 ille,
325 1230 418 1276 cujus
443 1230 476 1262 in
502 1230 665 1262 comitatu
689 1242 723 1262 se
748 1238 821 1261 tum
839 1227 941 1260 fuisse
966 1228 1012 1260 ait
1029 1228 1182 1269 Rufinus,

47 1293 74 1325 is
99 1301 169 1325 erat
201 1292 368 1325 Melaniae
404 1291 546 1337 junioris
578 1291 728 1324 maritus.
783 1290 882 1322 Hunc
914 1289 1025 1321 Roma
1057 1289 1183 1323 disces-

45 1354 125 1386 sisse
148 1366 235 1386 anno
259 1352 348 1393 408,
373 1362 405 1385 et
428 1352 664 1394 Carthaginem
689 1351 859 1396 appulisse
884 1363 971 1382 anno
990 1350 1082 1393 409„
1109 1351 1181 1395 ipse

46 1414 195 1456 agnoscit
218 1414 395 1447 Baronius.
443 1414 548 1456 Igitur
578 1413 633 1445 vel
666 1413 826 1445 Rufinum
857 1412 892 1444 in
924 1412 1043 1445 Sicilia
1073 1425 1092 1445 a
1125 1413 1183 1446 Pi·

45 1476 145 1508 niano
180 1484 214 1508 et
244 1485 385 1520 utraque
417 1474 567 1507 Melania
596 1474 755 1507 relictum
785 1487 876 1506 mors
908 1486 995 1506 anno
1026 1475 1181 1518 sequenti

46 1537 268 1582 oppresserit;
304 1537 359 1569 vel
391 1546 481 1569 certe
513 1545 646 1581 tempus
671 1549 688 1568 a
712 1535 861 1568 Baronio
887 1535 1087 1577 assignatum
1111 1549 1179 1568 uno

43 1599 161 1631 saltem
192 1611 279 1631 anno
310 1598 426 1630 Rufini
456 1598 568 1630 obitus
600 1597 836 1636 anteverterit,
871 1596 935 1628 viri
960 1596 1180 1638 Origenianae

45 1660 218 1692 doctrinae
239 1660 284 1692 ita
308 1659 463 1699 studiosi,
488 1668 525 1691 ut
549 1659 693 1691 infinitas
718 1658 782 1691 sibi
799 1659 923 1697 turbas,
948 1657 1105 1700 convitia,
1130 1659 1180 1691 in-

44 1722 192 1762 famiam,
217 1730 250 1753 et
274 1720 524 1753 damnationem
556 1720 702 1765 denique
736 1720 806 1766 ejus
839 1732 953 1752 caussa
985 1711 1175 1763 pepererit:

44 1783 101 1829 qui
125 1784 152 1816 si
177 1783 291 1816 animo
315 1795 378 1815 suo
403 1783 520 1815 suisset
552 1783 762 1822 moderatus,
794 1791 827 1814 et
860 1794 878 1814 a
903 1781 1069 1813 librorum
1094 1783 1178 1827 περὶ

45 1846 168 1890 ἀρχῶν
192 1844 470 1889 interpretatione
496 1844 708 1876 abstinuisset
731 1856 880 1882 manum,
903 1855 1001 1875 suum
1017 1842 1082 1875 sibi
1100 1843 1178 1876 Ori-

44 1918 140 1947 genes
165 1907 285 1945 decus,
324 1905 533 1950 gloriamque
565 1906 598 1937 in
632 1905 821 1939 Occidente
852 1912 1030 1945 servasset;
1061 1917 1178 1937 verum

45 1967 123 1999 dum
147 1967 246 1999 tradit
272 1967 368 1999 illum
393 1967 518 1999 Latinis
544 1967 742 2008 legendum,
780 1978 818 1998 ex
844 1964 996 1997 omnium
1022 1964 1177 1997 manibus

46 2028 201 2061 excussit:
228 2028 357 2061 »Totus
383 2028 471 2060 enim
488 2029 591 2068 orbis,
615 2029 726 2072 inquit
743 2027 971 2072 Hieronymus
988 2026 1137 2071 Apolog.
1152 2027 1175 2059 l.

46 2100 119 2132 cap.
143 2087 185 2129 3.,
208 2099 286 2133 post
308 2090 563 2122 translationem
588 2089 704 2122 Rufini
739 2089 773 2121 in
797 2087 955 2130 Origenis
980 2087 1098 2119 odium
1122 2100 1178 2119 ex·-

44 2148 133 2187 ars-it,
158 2161 256 2192 quem
280 2159 375 2182 antea
399 2150 600 2195 simpliciter
624 2151 830 2183 lectitabat.«
879 2148 1109 2182 Nihilominus
1134 2149 1175 2179 ab

47 2209 216 2242 Anastasio
242 2210 320 2243 licet
342 2212 516 2245 damnatus
540 2212 644 2245 fuerit
671 2213 836 2252 Rufinus,
860 2210 930 2256 ejus
955 2219 1066 2241 tamen
1091 2220 1173 2240 con-

43 2270 218 2304 suetudine
241 2284 337 2304 usum
362 2273 464 2306 fuisse
490 2273 722 2309 chromatium
753 2271 1009 2319 Aquileiensem
1042 2268 1173 2314 episco-

923 2335 975 2371 3*
