1413 2482
152 66 217 104 184
489 68 599 102 Pe‘rm
624 68 797 103 Dmmms
821 67 952 102 Hunrn

153 155 309 189 maritani
334 155 472 190 Codicis
508 156 722 198 testimonia,
758 170 841 202 quae
873 166 1055 191 occurrunt
1090 157 1124 191 in
1153 158 1286 204 seriptis

154 218 303 259 Patrum,
330 231 367 251 ex
385 217 542 260 Origenis
559 219 719 264 Hexaplis
743 219 846 252 fuisse
870 219 996 264 petita3
1020 219 1078 252 sed
1097 230 1189 254 certo
1215 234 1286 254 cer-

155 280 221 313 tius
247 289 312 319 est,
343 293 421 313 usos
444 279 546 313 fuisse
570 280 686 325 Patres
711 281 839 314 Graeca
869 280 1147 326 interpretatione
1171 282 1287 316 Sama-

155 341 254 373 ritani
279 341 488 386 exemplaris.
538 342 675 375 Maneat
705 342 806 385 igitur
840 342 919 374 loco
951 342 1030 375 huic
1054 342 1193 376 Euschii
1215 344 1289 377 vul-

155 411 229 444 gata
259 415 318 435 sua
349 412 382 435 et
408 412 544 448 recepta
577 404 752 439 sententia.
798 399 905 437 Addit
937 404 1060 438 deinde
1094 404 1287 448 Origenem,

154 472 290 508 praeter
312 464 499 498 editionem
524 465 746 512 interpretum
770 466 990 512 septuaginta,
1015 467 1170 512 Aquilae,
1193 467 1291 514 Sym·

154 525 284 566 machi,
309 535 343 558 et
366 526 637 570 Theodotionis,
674 529 754 562 duas
777 538 951 574 praeterea
972 529 1155 574 protulisse
1179 528 1215 562 in
1239 529 1290 562 lu-

158 600 252 628 cem,
276 587 415 622 alteram
440 589 623 636 Nicopoli,
648 591 789 624 alteram
812 589 846 623 in
871 591 937 624 alio
962 592 1110 636 quodam
1134 592 1213 625 loco
1237 604 1291 625 re-

155 659 299 695 pertam.
339 650 429 684 Tum
453 652 515 686 ait:
531 649 599 687 ’Ἐν
622 666 664 698 γε
687 653 764 698 μὴν
788 656 862 693 τοῖς
877 651 1067 693 Ἐξαπλοῖς
1090 655 1163 689 τῶν
1188 655 1288 698 ψαλ-

157 714 251 757 μῶν,
275 712 368 759 μετὰ
393 712 457 753 τὰς
479 713 680 760 ἐπισήμους
703 712 877 760 πέάσαρας
903 713 1075 760 ἐκδόσεις,
1102 715 1144 750 οὐ
1168 714 1288 760 μόνον

156 777 346 819 πέμπτην,
381 774 470 809 ἀλλὰ
502 779 563 811 καὶ
595 776 718 827 ἕζτην,
752 779 814 811 καὶ
838 775 1001 823 ἑβδόμην
1025 779 1203 824 παραθεὶς
1225 776 1288 823 ἑρ-

154 840 330 882 μηνείαν,
362 836 425 871 ἐπὶ
453 839 542 884 μιᾶς
571 831 677 877 αὖθις
707 831 965 885 σεσημείωταὶ,
999 837 1048 878 ώς
1077 840 1118 874 ἐν
1147 838 1291 886 Ἱεριχοῖ

156 895 353 946 εὑρημένης
377 898 417 934 ἐν
441 903 559 944 πίθῳ,
592 899 681 934 κατὰ
707 899 788 940 τούς
806 898 964 947 χρόνους
984 899 1199 936 Ἀντωνίνου
1224 903 1287 937 τοῦ

157 962 240 995 υἱοῦ
254 959 431 1006 Σεβήρου.
470 961 564 994 Haec
589 963 688 995 verba
712 976 831 1008 parum
856 962 1014 995 hactenus
1037 963 1210 996 intellecta
1233 977 1287 997 ex-

154 1022 292 1068 planare
317 1035 440 1068 operae
464 1023 612 1068 pretium
638 1033 704 1058 est:
733 1024 838 1068 2›1n¹)
862 1023 1022 1069 Hexaplis
1038 1024 1176 1070 quidem
1194 1025 1288 1059 Psal-

155 1175 310 1207 feruntur
332 1175 374 1207 ab
398 1173 547 1207 Eusebio
573 1174 790 1216 Caesariensi,
815 1188 834 1208 a
857 1175 1017 1209 Diodoro
1042 1177 1198 1210 Tarsensi
1222 1177 1289 1210 fre-

155 1231 328 1276 quentius;
357 1232 398 1264 ab
421 1230 571 1263 Eusebio
596 1230 774 1273 Emiseno,
799 1232 1030 1279 Hieronymo,
1053 1233 1288 1274 Theodoreto,

153 1297 187 1320 et
211 1287 294 1321 aliis.
343 1287 515 1332 Quodque
539 1287 727 1321 notandum
753 1297 813 1328 est,
836 1288 952 1329 iidem,
975 1289 1186 1334 maximeque
1200 1289 1289 1322 Dio-

153 1344 268 1385 dorus,
291 1344 416 1391 Syrum
440 1356 517 1375 cum
541 1343 699 1376 Hebraeo
722 1357 822 1388 saepe
847 1345 1055 1390 conjungunt
1078 1345 1144 1378 hoc
1167 1355 1286 1390 pacto:

155 1399 174 1435 ὁ
198 1399 318 1446 Σύρος
347 1403 409 1434 καὶ
437 1397 621 1444 Ἑβραῖος,
656 1400 727 1433 vel:
766 1399 784 1435 ὁ
815 1399 981 1448 Ἑβραῖος
1011 1405 1072 1436 καὶ
1104 1401 1123 1437 ὁ
1153 1399 1284 1445 Σύρος,

154 1457 289 1502 quando
303 1456 433 1490 scilicet
448 1456 625 1502 amborum
645 1456 941 1501 interpretationes
961 1457 1176 1499 conveniunt,
1193 1457 1286 1502 quod

151 1527 250 1559 saepe
275 1512 450 1555 contingit.
498 1512 570 1545 Hae
595 1526 698 1557 porro
725 1513 905 1554 lectiones,
937 1514 1078 1559 perinde
1102 1523 1202 1559 atque
1226 1514 1287 1547 Sa-

153 1570 327 1610 maritani,
351 1571 393 1603 ab
419 1569 566 1611 Origene
591 1569 847 1614 diligentissimo
873 1570 1066 1603 versionum
1099 1570 1284 1603 collectore

153 1636 339 1671 potueruut
379 1626 478 1659 etiam
514 1625 549 1657 in
588 1626 821 1673 Hexaplorum
857 1626 1061 1668 marginibus
1101 1626 1281 1659 collocari:

153 1696 355 1727 quamquam
381 1682 415 1714 id
439 1681 579 1715 minime
606 1691 747 1715 constet.
794 1683 887 1715 Haec
911 1682 1037 1728 quippe
1062 1683 1173 1715 solum
1199 1683 1283 1716 divi-

152 1739 264 1771 nando
304 1738 458 1774 dicimus.
512 1738 636 1770 Donec
669 1738 756 1771 enim
795 1739 923 1783 aliqua,
959 1738 1013 1772 vel
1043 1739 1174 1772 tantilla
1206 1752 1281 1784 pars

152 1794 403 1839 Hexaplorum,
434 1804 471 1826 ut
501 1794 600 1827 initio
623 1794 746 1839 scripta
777 1796 931 1834 fuerunt,
961 1807 978 1827 e
1004 1795 1151 1828 tenebris
1176 1808 1284 1828 emer-

152 1851 242 1890 serit,
267 1851 402 1894 plenam
426 1851 679 1894 perfectamque
703 1851 842 1883 illorum
861 1850 1015 1883 notitiam
1034 1851 1197 1896 expiscari
1211 1865 1282 1884 non

152 1907 373 1940 valebimus.«
424 1906 462 1938 R.

249 1976 280 2019 ¹)
304 1974 396 2007 Male
422 1974 509 2006 hunc
532 1973 671 2006 Eusebii
696 1974 810 2006 locum
835 1972 934 2005 vertit
951 1973 1104 2015 Huetius,
1129 1975 1187 2019 qui
1210 1988 1281 2009 sese

151 2032 241 2064 ultro
274 2030 427 2074 implicat
460 2030 495 2063 in
531 2030 810 2074 interpretatione
847 2029 1030 2062 locutionis
1062 2030 1171 2063 illius:
1219 2032 1280 2066 ἐπὶ

151 2091 238 2133 μιᾶς
275 2091 523 2130 σέσημείωιαι.
579 2086 704 2119 Melius
736 2086 783 2117 sic
817 2085 985 2118 vertisset:
1028 2087 1090 2119 »ln
1120 2087 1280 2132 Hexaplis

152 2145 288 2189 quidem
314 2143 523 2176 psalmorum
550 2141 805 2186 exemplaribus,
832 2152 907 2185 post
933 2142 1075 2184 insignes
1099 2142 1176 2176 illas
1200 2156 1279 2188 qua-

152 2212 230 2234 tuor
247 2199 423 2240 editiones,
447 2213 515 2232 nou
541 2198 689 2243 quintam
715 2199 836 2238 solum,
861 2199 919 2231 sed
938 2209 969 2231 et
986 2208 1110 2231 sextam
1129 2209 1161 2232 et
1176 2199 1279 2244 septi-

153 2271 239 2289 mam
265 2257 444 2302 adjungens
461 2254 784 2300 interpretationem,
809 2268 920 2287 rursus
944 2255 976 2287 in
996 2254 1164 2300 principio
1182 2255 1277 2288 unius
