<?xml version="1.0" encoding="UTF-8"?>
<!DOCTYPE html PUBLIC "-//W3C//DTD XHTML 1.0 Transitional//EN"
    "http://www.w3.org/TR/xhtml1/DTD/xhtml1-transitional.dtd">
<html xmlns="http://www.w3.org/1999/xhtml" xml:lang="en" lang="en">
 <head>
  <title>
</title>
<meta http-equiv="Content-Type" content="text/html;charset=utf-8" />
  <meta name='ocr-system' content='tesseract 3.04.00' />
  <meta name='ocr-capabilities' content='ocr_page ocr_carea ocr_par ocr_line ocrx_word'/>
</head>
<body>
  <div class='ocr_page' id='page_1' title='image "./operaomniaquaegr24orig/operaomniaquaegr24orig_0090.png"; bbox 0 0 1413 2482; ppageno 0'>
   <div class='ocr_carea' id='block_1_1' title="bbox 191 100 998 139">
    <p class='ocr_par' dir='ltr' id='par_1_1' title="bbox 191 100 998 139">
     <span class='ocr_line' id='line_1_1' title="bbox 191 100 998 139; baseline 0.004 -8"><span class='ocrx_word' id='word_1_1' title='bbox 191 102 236 139; x_wconf 73' lang='grc'>78</span> <span class='ocrx_word' id='word_1_2' title='bbox 532 100 642 133; x_wconf 72' lang='lat' dir='ltr'>Parni</span> <span class='ocrx_word' id='word_1_3' title='bbox 667 101 698 133; x_wconf 90' lang='lat' dir='ltr'>D</span> <span class='ocrx_word' id='word_1_4' title='bbox 706 109 787 132; x_wconf 69' lang='lat' dir='ltr'>Ami:</span> <span class='ocrx_word' id='word_1_5' title='bbox 795 108 840 133; x_wconf 73' lang='lat' dir='ltr'>ms</span> <span class='ocrx_word' id='word_1_6' title='bbox 867 100 998 134; x_wconf 75' lang='lat' dir='ltr'>Hoern</span> 
     </span>
    </p>
   </div>
   <div class='ocr_carea' id='block_1_2' title="bbox 182 191 1334 2222">
    <p class='ocr_par' dir='ltr' id='par_1_2' title="bbox 189 191 1331 858">
     <span class='ocr_line' id='line_1_2' title="bbox 194 191 1328 236; baseline -0.003 -10"><span class='ocrx_word' id='word_1_7' title='bbox 194 195 255 226; x_wconf 88' lang='lat' dir='ltr'>bus</span> <span class='ocrx_word' id='word_1_8' title='bbox 279 191 494 225; x_wconf 81' lang='lat' dir='ltr'>Theodosius</span> <span class='ocrx_word' id='word_1_9' title='bbox 519 191 609 234; x_wconf 86' lang='lat' dir='ltr'>apud</span> <span class='ocrx_word' id='word_1_10' title='bbox 637 191 845 223; x_wconf 77' lang='lat' dir='ltr'>Palaestinos</span> <span class='ocrx_word' id='word_1_11' title='bbox 871 191 1134 231; x_wconf 82' lang='lat' dir='ltr'>coenobiarcha,</span> <span class='ocrx_word' id='word_1_12' title='bbox 1159 192 1215 236; x_wconf 91' lang='lat' dir='ltr'>qui</span> <span class='ocrx_word' id='word_1_13' title='bbox 1241 191 1328 224; x_wconf 71' lang='lat' dir='ltr'>inu-1·</span> 
     </span>
     <span class='ocr_line' id='line_1_3' title="bbox 190 253 1328 297; baseline -0.003 -9"><span class='ocrx_word' id='word_1_14' title='bbox 190 255 365 297; x_wconf 82' lang='lat' dir='ltr'>regionum</span> <span class='ocrx_word' id='word_1_15' title='bbox 406 253 542 285; x_wconf 86' lang='lat' dir='ltr'>illarum</span> <span class='ocrx_word' id='word_1_16' title='bbox 584 253 767 285; x_wconf 85' lang='lat' dir='ltr'>monachos</span> <span class='ocrx_word' id='word_1_17' title='bbox 811 253 930 295; x_wconf 86' lang='lat' dir='ltr'>insigni</span> <span class='ocrx_word' id='word_1_18' title='bbox 977 265 1110 286; x_wconf 88' lang='lat' dir='ltr'>morum</span> <span class='ocrx_word' id='word_1_19' title='bbox 1153 253 1328 286; x_wconf 75' lang='lat' dir='ltr'>sanctitate</span> 
     </span>
     <span class='ocr_line' id='line_1_4' title="bbox 193 314 1328 361; baseline -0.004 -11"><span class='ocrx_word' id='word_1_20' title='bbox 193 329 345 357; x_wconf 80' lang='lat' dir='ltr'>magnam</span> <span class='ocrx_word' id='word_1_21' title='bbox 384 316 492 347; x_wconf 88' lang='lat' dir='ltr'>fuerat</span> <span class='ocrx_word' id='word_1_22' title='bbox 525 315 758 348; x_wconf 80' lang='lat' dir='ltr'>auctoritatem</span> <span class='ocrx_word' id='word_1_23' title='bbox 801 325 1010 348; x_wconf 86' lang='lat' dir='ltr'>consecutus.</span> <span class='ocrx_word' id='word_1_24' title='bbox 1077 314 1154 361; x_wconf 76' lang='lat' dir='ltr'>Qua</span> <span class='ocrx_word' id='word_1_25' title='bbox 1194 315 1328 348; x_wconf 82' lang='lat' dir='ltr'>circiter</span> 
     </span>
     <span class='ocr_line' id='line_1_5' title="bbox 193 377 1329 423; baseline -0.003 -11"><span class='ocrx_word' id='word_1_26' title='bbox 193 387 392 423; x_wconf 77' lang='lat' dir='ltr'>tempestate</span> <span class='ocrx_word' id='word_1_27' title='bbox 407 377 526 409; x_wconf 86' lang='lat' dir='ltr'>harum</span> <span class='ocrx_word' id='word_1_28' title='bbox 541 377 718 419; x_wconf 83' lang='lat' dir='ltr'>regionum</span> <span class='ocrx_word' id='word_1_29' title='bbox 735 377 941 421; x_wconf 74' lang='lat' dir='ltr'>origenistas</span> <span class='ocrx_word' id='word_1_30' title='bbox 957 377 1104 410; x_wconf 88' lang='lat' dir='ltr'>collecta</span> <span class='ocrx_word' id='word_1_31' title='bbox 1122 378 1163 410; x_wconf 90' lang='lat' dir='ltr'>ab</span> <span class='ocrx_word' id='word_1_32' title='bbox 1180 377 1329 422; x_wconf 70' lang='lat' dir='ltr'>Ephraii-</span> 
     </span>
     <span class='ocr_line' id='line_1_6' title="bbox 191 431 1329 486; baseline -0.002 -13"><span class='ocrx_word' id='word_1_33' title='bbox 191 441 260 473; x_wconf 88' lang='lat' dir='ltr'>mio</span> <span class='ocrx_word' id='word_1_34' title='bbox 287 439 501 473; x_wconf 78' lang='lat' dir='ltr'>Antiocheno</span> <span class='ocrx_word' id='word_1_35' title='bbox 535 440 690 484; x_wconf 80' lang='lat' dir='ltr'>praesule</span> <span class='ocrx_word' id='word_1_36' title='bbox 721 441 874 485; x_wconf 80' lang='lat' dir='ltr'>synodus</span> <span class='ocrx_word' id='word_1_37' title='bbox 906 431 1120 486; x_wconf 82' lang='lat' dir='ltr'>anathemate¹</span> <span class='ocrx_word' id='word_1_38' title='bbox 1142 439 1329 479; x_wconf 73' lang='lat' dir='ltr'>damnavit3</span> 
     </span>
     <span class='ocr_line' id='line_1_7' title="bbox 191 500 1330 548; baseline -0.002 -13"><span class='ocrx_word' id='word_1_39' title='bbox 191 512 228 535; x_wconf 92' lang='lat' dir='ltr'>ut</span> <span class='ocrx_word' id='word_1_40' title='bbox 252 511 363 535; x_wconf 88' lang='lat' dir='ltr'>narrat</span> <span class='ocrx_word' id='word_1_41' title='bbox 388 511 507 534; x_wconf 81' lang='lat' dir='ltr'>auctor</span> <span class='ocrx_word' id='word_1_42' title='bbox 529 502 703 548; x_wconf 87' lang='lat' dir='ltr'>Synodici‚</span> <span class='ocrx_word' id='word_1_43' title='bbox 729 503 821 548; x_wconf 88' lang='lat' dir='ltr'>quod</span> <span class='ocrx_word' id='word_1_44' title='bbox 846 516 955 548; x_wconf 86' lang='lat' dir='ltr'>nuper</span> <span class='ocrx_word' id='word_1_45' title='bbox 980 502 1014 534; x_wconf 91' lang='lat' dir='ltr'>in</span> <span class='ocrx_word' id='word_1_46' title='bbox 1031 501 1246 534; x_wconf 77' lang='lat' dir='ltr'>Bibliotheca</span> <span class='ocrx_word' id='word_1_47' title='bbox 1268 500 1330 534; x_wconf 84' lang='lat' dir='ltr'>Ju-</span> 
     </span>
     <span class='ocr_line' id='line_1_8' title="bbox 189 563 1329 598; baseline -0.002 -1"><span class='ocrx_word' id='word_1_48' title='bbox 189 565 234 597; x_wconf 80' lang='lat' dir='ltr'>ris</span> <span class='ocrx_word' id='word_1_49' title='bbox 259 564 423 598; x_wconf 88' lang='lat' dir='ltr'>Canonici</span> <span class='ocrx_word' id='word_1_50' title='bbox 447 564 564 596; x_wconf 82' lang='lat' dir='ltr'>recudi</span> <span class='ocrx_word' id='word_1_51' title='bbox 590 564 719 597; x_wconf 87' lang='lat' dir='ltr'>curavit</span> <span class='ocrx_word' id='word_1_52' title='bbox 744 564 990 598; x_wconf 79' lang='lat' dir='ltr'>eruditissimus</span> <span class='ocrx_word' id='word_1_53' title='bbox 1018 575 1055 598; x_wconf 89' lang='lat' dir='ltr'>et·</span> <span class='ocrx_word' id='word_1_54' title='bbox 1071 563 1329 597; x_wconf 81' lang='lat' dir='ltr'>humanissimus</span> 
     </span>
     <span class='ocr_line' id='line_1_9' title="bbox 190 625 1328 673; baseline -0.003 -13"><span class='ocrx_word' id='word_1_55' title='bbox 190 626 358 660; x_wconf 89' lang='lat' dir='ltr'>Henricus</span> <span class='ocrx_word' id='word_1_56' title='bbox 382 626 564 667; x_wconf 78' lang='lat' dir='ltr'>Justellus,</span> <span class='ocrx_word' id='word_1_57' title='bbox 596 627 846 672; x_wconf 85' lang='lat' dir='ltr'>Christophoro</span> <span class='ocrx_word' id='word_1_58' title='bbox 871 637 966 673; x_wconf 85' lang='lat' dir='ltr'>patre</span> <span class='ocrx_word' id='word_1_59' title='bbox 993 626 1204 669; x_wconf 86' lang='lat' dir='ltr'>dignissimus</span> <span class='ocrx_word' id='word_1_60' title='bbox 1228 625 1328 658; x_wconf 82' lang='lat' dir='ltr'>filius.</span> 
     </span>
     <span class='ocr_line' id='line_1_10' title="bbox 190 687 1331 735; baseline -0.001 -13"><span class='ocrx_word' id='word_1_61' title='bbox 190 688 319 722; x_wconf 88' lang='lat' dir='ltr'>Fractis</span> <span class='ocrx_word' id='word_1_62' title='bbox 351 697 464 721; x_wconf 84' lang='lat' dir='ltr'>autem</span> <span class='ocrx_word' id='word_1_63' title='bbox 497 688 708 731; x_wconf 84' lang='lat' dir='ltr'>Origenistae</span> <span class='ocrx_word' id='word_1_64' title='bbox 740 689 867 724; x_wconf 85' lang='lat' dir='ltr'>viribus</span> <span class='ocrx_word' id='word_1_65' title='bbox 899 689 1100 722; x_wconf 77' lang='lat' dir='ltr'>destiterunt</span> <span class='ocrx_word' id='word_1_66' title='bbox 1128 690 1170 722; x_wconf 88' lang='lat' dir='ltr'>ab</span> <span class='ocrx_word' id='word_1_67' title='bbox 1203 687 1331 735; x_wconf 69' lang='lat' dir='ltr'>Ortho-</span> 
     </span>
     <span class='ocr_line' id='line_1_11' title="bbox 191 750 1328 792; baseline -0.003 -7"><span class='ocrx_word' id='word_1_68' title='bbox 191 753 358 785; x_wconf 87' lang='lat' dir='ltr'>doxorum</span> <span class='ocrx_word' id='word_1_69' title='bbox 392 750 630 792; x_wconf 81' lang='lat' dir='ltr'>insectatione3</span> <span class='ocrx_word' id='word_1_70' title='bbox 665 751 786 785; x_wconf 88' lang='lat' dir='ltr'>multas</span> <span class='ocrx_word' id='word_1_71' title='bbox 827 764 908 783; x_wconf 86' lang='lat' dir='ltr'>vero</span> <span class='ocrx_word' id='word_1_72' title='bbox 950 751 1037 784; x_wconf 89' lang='lat' dir='ltr'>inter</span> <span class='ocrx_word' id='word_1_73' title='bbox 1072 764 1107 784; x_wconf 88' lang='lat' dir='ltr'>se</span> <span class='ocrx_word' id='word_1_74' title='bbox 1145 751 1258 783; x_wconf 82' lang='lat' dir='ltr'>turbas</span> <span class='ocrx_word' id='word_1_75' title='bbox 1295 759 1328 782; x_wconf 89' lang='lat' dir='ltr'>ct</span> 
     </span>
     <span class='ocr_line' id='line_1_12' title="bbox 189 813 579 858; baseline -0.005 -11"><span class='ocrx_word' id='word_1_76' title='bbox 189 813 321 858; x_wconf 89' lang='lat' dir='ltr'>proelia</span> <span class='ocrx_word' id='word_1_77' title='bbox 349 813 579 847; x_wconf 85' lang='lat' dir='ltr'>conciverunt.</span> 
     </span>
    </p>

    <p class='ocr_par' dir='ltr' id='par_1_3' title="bbox 182 874 1334 2222">
     <span class='ocr_line' id='line_1_13' title="bbox 282 874 1328 920; baseline -0.004 -10"><span class='ocrx_word' id='word_1_78' title='bbox 282 877 359 910; x_wconf 87' lang='lat' dir='ltr'>Vll.</span> <span class='ocrx_word' id='word_1_79' title='bbox 406 875 544 918; x_wconf 75' lang='lat' dir='ltr'>Pelagio</span> <span class='ocrx_word' id='word_1_80' title='bbox 577 876 612 909; x_wconf 90' lang='lat' dir='ltr'>S.</span> <span class='ocrx_word' id='word_1_81' title='bbox 638 875 678 908; x_wconf 82' lang='lat' dir='ltr'>R.</span> <span class='ocrx_word' id='word_1_82' title='bbox 704 875 743 908; x_wconf 90' lang='lat' dir='ltr'>E.</span> <span class='ocrx_word' id='word_1_83' title='bbox 775 875 919 909; x_wconf 89' lang='lat' dir='ltr'>diacono</span> <span class='ocrx_word' id='word_1_84' title='bbox 954 874 1276 920; x_wconf 83' lang='lat' dir='ltr'>Constantinopolin</span> <span class='ocrx_word' id='word_1_85' title='bbox 1311 886 1328 906; x_wconf 84' lang='lat' dir='ltr'>e</span> 
     </span>
     <span class='ocr_line' id='line_1_14' title="bbox 188 935 1329 984; baseline -0.004 -11"><span class='ocrx_word' id='word_1_86' title='bbox 188 938 379 973; x_wconf 81' lang='lat' dir='ltr'>Palaestina</span> <span class='ocrx_word' id='word_1_87' title='bbox 402 937 557 970; x_wconf 83' lang='lat' dir='ltr'>redeunti</span> <span class='ocrx_word' id='word_1_88' title='bbox 590 937 732 970; x_wconf 82' lang='lat' dir='ltr'>comites</span> <span class='ocrx_word' id='word_1_89' title='bbox 763 950 798 970; x_wconf 87' lang='lat' dir='ltr'>se</span> <span class='ocrx_word' id='word_1_90' title='bbox 829 938 1053 984; x_wconf 81' lang='lat' dir='ltr'>adjunxerunt</span> <span class='ocrx_word' id='word_1_91' title='bbox 1086 937 1245 970; x_wconf 86' lang='lat' dir='ltr'>monachi</span> <span class='ocrx_word' id='word_1_92' title='bbox 1268 935 1329 982; x_wconf 75' lang='lat' dir='ltr'>ali·</span> 
     </span>
     <span class='ocr_line' id='line_1_15' title="bbox 189 998 1330 1047; baseline -0.004 -13"><span class='ocrx_word' id='word_1_93' title='bbox 189 1011 274 1047; x_wconf 89' lang='lat' dir='ltr'>quot</span> <span class='ocrx_word' id='word_1_94' title='bbox 297 1000 490 1034; x_wconf 76' lang='lat' dir='ltr'>Palaestini.</span> <span class='ocrx_word' id='word_1_95' title='bbox 540 1000 662 1033; x_wconf 84' lang='lat' dir='ltr'>Caussa</span> <span class='ocrx_word' id='word_1_96' title='bbox 695 1000 775 1034; x_wconf 89' lang='lat' dir='ltr'>haec</span> <span class='ocrx_word' id='word_1_97' title='bbox 804 1000 1045 1046; x_wconf 82' lang='lat' dir='ltr'>proficiscendi</span> <span class='ocrx_word' id='word_1_98' title='bbox 1070 1000 1144 1035; x_wconf 83' lang='lat' dir='ltr'>fuit.</span> <span class='ocrx_word' id='word_1_99' title='bbox 1192 998 1330 1032; x_wconf 89' lang='lat' dir='ltr'>Praeci-</span> 
     </span>
     <span class='ocr_line' id='line_1_16' title="bbox 190 1062 1328 1108; baseline -0.002 -12"><span class='ocrx_word' id='word_1_100' title='bbox 190 1077 256 1108; x_wconf 85' lang='lat' dir='ltr'>pua</span> <span class='ocrx_word' id='word_1_101' title='bbox 281 1063 446 1108; x_wconf 83' lang='lat' dir='ltr'>quaedam</span> <span class='ocrx_word' id='word_1_102' title='bbox 480 1076 518 1095; x_wconf 87' lang='lat' dir='ltr'>ex</span> <span class='ocrx_word' id='word_1_103' title='bbox 551 1062 707 1105; x_wconf 84' lang='lat' dir='ltr'>Origenis</span> <span class='ocrx_word' id='word_1_104' title='bbox 742 1062 838 1096; x_wconf 85' lang='lat' dir='ltr'>libris</span> <span class='ocrx_word' id='word_1_105' title='bbox 870 1065 1053 1097; x_wconf 87' lang='lat' dir='ltr'>haereseon</span> <span class='ocrx_word' id='word_1_106' title='bbox 1080 1063 1191 1108; x_wconf 85' lang='lat' dir='ltr'>capita</span> <span class='ocrx_word' id='word_1_107' title='bbox 1214 1074 1328 1094; x_wconf 62' lang='lat' dir='ltr'>excer⁴</span> 
     </span>
     <span class='ocr_line' id='line_1_17' title="bbox 188 1123 1327 1170; baseline -0.003 -12"><span class='ocrx_word' id='word_1_108' title='bbox 188 1135 334 1170; x_wconf 84' lang='lat' dir='ltr'>pserant.</span> <span class='ocrx_word' id='word_1_109' title='bbox 382 1125 431 1157; x_wconf 89' lang='lat' dir='ltr'>Ea</span> <span class='ocrx_word' id='word_1_110' title='bbox 456 1124 646 1157; x_wconf 85' lang='lat' dir='ltr'>Justiniano</span> <span class='ocrx_word' id='word_1_111' title='bbox 674 1125 818 1166; x_wconf 86' lang='lat' dir='ltr'>offerre,</span> <span class='ocrx_word' id='word_1_112' title='bbox 857 1134 890 1158; x_wconf 90' lang='lat' dir='ltr'>et</span> <span class='ocrx_word' id='word_1_113' title='bbox 921 1134 958 1158; x_wconf 94' lang='lat' dir='ltr'>ut</span> <span class='ocrx_word' id='word_1_114' title='bbox 987 1137 1053 1158; x_wconf 89' lang='lat' dir='ltr'>una</span> <span class='ocrx_word' id='word_1_115' title='bbox 1078 1137 1154 1158; x_wconf 86' lang='lat' dir='ltr'>cum</span> <span class='ocrx_word' id='word_1_116' title='bbox 1181 1123 1327 1166; x_wconf 69' lang='lat' dir='ltr'>Origene</span> 
     </span>
     <span class='ocr_line' id='line_1_18' title="bbox 189 1186 1328 1232; baseline -0.001 -12"><span class='ocrx_word' id='word_1_117' title='bbox 189 1189 440 1225; x_wconf 76' lang='lat' dir='ltr'>damnarentur,</span> <span class='ocrx_word' id='word_1_118' title='bbox 465 1186 648 1231; x_wconf 82' lang='lat' dir='ltr'>impetrare</span> <span class='ocrx_word' id='word_1_119' title='bbox 675 1187 847 1220; x_wconf 77' lang='lat' dir='ltr'>volebant.</span> <span class='ocrx_word' id='word_1_120' title='bbox 893 1187 1059 1220; x_wconf 87' lang='lat' dir='ltr'>Florebat</span> <span class='ocrx_word' id='word_1_121' title='bbox 1079 1197 1171 1226; x_wconf 85' lang='lat' dir='ltr'>¹tunc</span> <span class='ocrx_word' id='word_1_122' title='bbox 1194 1196 1328 1232; x_wconf 81' lang='lat' dir='ltr'>tempo-</span> 
     </span>
     <span class='ocr_line' id='line_1_19' title="bbox 189 1248 1326 1295; baseline 0.002 -13"><span class='ocrx_word' id='word_1_123' title='bbox 189 1250 234 1283; x_wconf 89' lang='lat' dir='ltr'>ris</span> <span class='ocrx_word' id='word_1_124' title='bbox 259 1249 477 1294; x_wconf 88' lang='lat' dir='ltr'>imperatoris</span> <span class='ocrx_word' id='word_1_125' title='bbox 501 1248 606 1291; x_wconf 82' lang='lat' dir='ltr'>gratia</span> <span class='ocrx_word' id='word_1_126' title='bbox 631 1249 837 1282; x_wconf 79' lang='lat' dir='ltr'>Theodorus</span> <span class='ocrx_word' id='word_1_127' title='bbox 862 1249 934 1290; x_wconf 81' lang='lat' dir='ltr'>ille,</span> <span class='ocrx_word' id='word_1_128' title='bbox 959 1262 1061 1295; x_wconf 86' lang='lat' dir='ltr'>quem</span> <span class='ocrx_word' id='word_1_129' title='bbox 1087 1250 1174 1290; x_wconf 82' lang='lat' dir='ltr'>dixi,</span> <span class='ocrx_word' id='word_1_130' title='bbox 1206 1249 1326 1289; x_wconf 69' lang='lat' dir='ltr'>Caesa-</span> 
     </span>
     <span class='ocr_line' id='line_1_20' title="bbox 188 1311 1325 1358; baseline -0.002 -12"><span class='ocrx_word' id='word_1_131' title='bbox 188 1325 265 1346; x_wconf 87' lang='lat' dir='ltr'>reae</span> <span class='ocrx_word' id='word_1_132' title='bbox 292 1311 531 1358; x_wconf 79' lang='lat' dir='ltr'>Cappadociae</span> <span class='ocrx_word' id='word_1_133' title='bbox 556 1312 749 1356; x_wconf 86' lang='lat' dir='ltr'>episcopus,</span> <span class='ocrx_word' id='word_1_134' title='bbox 775 1311 957 1344; x_wconf 87' lang='lat' dir='ltr'>acerrimus</span> <span class='ocrx_word' id='word_1_135' title='bbox 983 1312 1206 1354; x_wconf 85' lang='lat' dir='ltr'>Origenianae</span> <span class='ocrx_word' id='word_1_136' title='bbox 1231 1324 1325 1345; x_wconf 74' lang='lat' dir='ltr'>caus·</span> 
     </span>
     <span class='ocr_line' id='line_1_21' title="bbox 187 1372 1328 1418; baseline 0 -12"><span class='ocrx_word' id='word_1_137' title='bbox 187 1386 242 1407; x_wconf 86' lang='lat' dir='ltr'>sae</span> <span class='ocrx_word' id='word_1_138' title='bbox 273 1382 526 1418; x_wconf 82' lang='lat' dir='ltr'>propugnator:</span> <span class='ocrx_word' id='word_1_139' title='bbox 559 1373 613 1406; x_wconf 90' lang='lat' dir='ltr'>cui</span> <span class='ocrx_word' id='word_1_140' title='bbox 646 1387 721 1406; x_wconf 91' lang='lat' dir='ltr'>cum</span> <span class='ocrx_word' id='word_1_141' title='bbox 753 1374 841 1406; x_wconf 86' lang='lat' dir='ltr'>male</span> <span class='ocrx_word' id='word_1_142' title='bbox 873 1374 1000 1406; x_wconf 87' lang='lat' dir='ltr'>idcirco</span> <span class='ocrx_word' id='word_1_143' title='bbox 1033 1374 1137 1407; x_wconf 85' lang='lat' dir='ltr'>vellet</span> <span class='ocrx_word' id='word_1_144' title='bbox 1160 1372 1328 1416; x_wconf 81' lang='lat' dir='ltr'>Pelagius,</span> 
     </span>
     <span class='ocr_line' id='line_1_22' title="bbox 187 1435 1327 1481; baseline -0.001 -12"><span class='ocrx_word' id='word_1_145' title='bbox 187 1435 397 1469; x_wconf 87' lang='lat' dir='ltr'>Palaestinos</span> <span class='ocrx_word' id='word_1_146' title='bbox 429 1435 613 1467; x_wconf 78' lang='lat' dir='ltr'>monachos</span> <span class='ocrx_word' id='word_1_147' title='bbox 649 1435 974 1481; x_wconf 81' lang='lat' dir='ltr'>Constantinopolin</span> <span class='ocrx_word' id='word_1_148' title='bbox 1004 1437 1180 1481; x_wconf 84' lang='lat' dir='ltr'>perduxit,</span> <span class='ocrx_word' id='word_1_149' title='bbox 1213 1445 1246 1468; x_wconf 89' lang='lat' dir='ltr'>et</span> <span class='ocrx_word' id='word_1_150' title='bbox 1269 1435 1327 1473; x_wconf 72' lang='lat' dir='ltr'>ad-</span> 
     </span>
     <span class='ocr_line' id='line_1_23' title="bbox 186 1497 1329 1543; baseline 0.001 -14"><span class='ocrx_word' id='word_1_151' title='bbox 186 1497 423 1542; x_wconf 87' lang='lat' dir='ltr'>stipulatorem</span> <span class='ocrx_word' id='word_1_152' title='bbox 448 1497 572 1528; x_wconf 84' lang='lat' dir='ltr'>habens</span> <span class='ocrx_word' id='word_1_153' title='bbox 595 1497 731 1529; x_wconf 72' lang='lat' dir='ltr'>Menam</span> <span class='ocrx_word' id='word_1_154' title='bbox 747 1497 1163 1542; x_wconf 80' lang='lat' dir='ltr'>constantinopolitanum</span> <span class='ocrx_word' id='word_1_155' title='bbox 1188 1500 1329 1543; x_wconf 81' lang='lat' dir='ltr'>patriar-</span> 
     </span>
     <span class='ocr_line' id='line_1_24' title="bbox 189 1558 1326 1605; baseline 0.002 -13"><span class='ocrx_word' id='word_1_156' title='bbox 189 1560 298 1600; x_wconf 78' lang='lat' dir='ltr'>cham,</span> <span class='ocrx_word' id='word_1_157' title='bbox 322 1572 340 1591; x_wconf 86' lang='lat' dir='ltr'>a</span> <span class='ocrx_word' id='word_1_158' title='bbox 364 1558 554 1595; x_wconf 78' lang='lat' dir='ltr'>Justiniano</span> <span class='ocrx_word' id='word_1_159' title='bbox 580 1559 758 1601; x_wconf 85' lang='lat' dir='ltr'>flagitavit,</span> <span class='ocrx_word' id='word_1_160' title='bbox 793 1569 830 1592; x_wconf 91' lang='lat' dir='ltr'>ut</span> <span class='ocrx_word' id='word_1_161' title='bbox 855 1573 974 1593; x_wconf 87' lang='lat' dir='ltr'>eorum</span> <span class='ocrx_word' id='word_1_162' title='bbox 999 1561 1177 1605; x_wconf 84' lang='lat' dir='ltr'>postulatis</span> <span class='ocrx_word' id='word_1_163' title='bbox 1202 1573 1326 1594; x_wconf 87' lang='lat' dir='ltr'>annue-</span> 
     </span>
     <span class='ocr_line' id='line_1_25' title="bbox 186 1620 1325 1666; baseline 0.002 -12"><span class='ocrx_word' id='word_1_164' title='bbox 186 1630 248 1654; x_wconf 88' lang='lat' dir='ltr'>ret.</span> <span class='ocrx_word' id='word_1_165' title='bbox 296 1621 423 1653; x_wconf 85' lang='lat' dir='ltr'>Rerum</span> <span class='ocrx_word' id='word_1_166' title='bbox 451 1620 753 1654; x_wconf 76' lang='lat' dir='ltr'>ecclesiasticarum</span> <span class='ocrx_word' id='word_1_167' title='bbox 779 1622 957 1656; x_wconf 83' lang='lat' dir='ltr'>arbitrium</span> <span class='ocrx_word' id='word_1_168' title='bbox 982 1624 1024 1656; x_wconf 89' lang='lat' dir='ltr'>ad</span> <span class='ocrx_word' id='word_1_169' title='bbox 1047 1635 1082 1656; x_wconf 88' lang='lat' dir='ltr'>se</span> <span class='ocrx_word' id='word_1_170' title='bbox 1105 1623 1231 1656; x_wconf 79' lang='lat' dir='ltr'>deferri</span> <span class='ocrx_word' id='word_1_171' title='bbox 1247 1636 1325 1666; x_wconf 82' lang='lat' dir='ltr'>gau—</span> 
     </span>
     <span class='ocr_line' id='line_1_26' title="bbox 187 1679 1322 1729; baseline 0.003 -14"><span class='ocrx_word' id='word_1_172' title='bbox 187 1683 269 1715; x_wconf 88' lang='lat' dir='ltr'>dens</span> <span class='ocrx_word' id='word_1_173' title='bbox 303 1683 501 1727; x_wconf 69' lang='lat' dir='ltr'>Imperator¹</span> <span class='ocrx_word' id='word_1_174' title='bbox 517 1683 588 1715; x_wconf 87' lang='lat' dir='ltr'>voti</span> <span class='ocrx_word' id='word_1_175' title='bbox 609 1679 671 1715; x_wconf 44' lang='lat' dir='ltr'>*eos</span> <span class='ocrx_word' id='word_1_176' title='bbox 697 1694 877 1729; x_wconf 88' lang='lat' dir='ltr'>compotes</span> <span class='ocrx_word' id='word_1_177' title='bbox 901 1685 1000 1726; x_wconf 84' lang='lat' dir='ltr'>fecit,</span> <span class='ocrx_word' id='word_1_178' title='bbox 1033 1694 1067 1718; x_wconf 88' lang='lat' dir='ltr'>et</span> <span class='ocrx_word' id='word_1_179' title='bbox 1096 1685 1322 1726; x_wconf 58' lang='lat' dir='ltr'>nmninesuo</span> 
     </span>
     <span class='ocr_line' id='line_1_27' title="bbox 187 1732 1324 1792; baseline 0.004 -16"><span class='ocrx_word' id='word_1_180' title='bbox 187 1744 367 1789; x_wconf 86' lang='lat' dir='ltr'>epistolam</span> <span class='ocrx_word' id='word_1_181' title='bbox 398 1745 440 1776; x_wconf 90' lang='lat' dir='ltr'>ad</span> <span class='ocrx_word' id='word_1_182' title='bbox 473 1732 610 1777; x_wconf 68' lang='lat' dir='ltr'>Menam</span> <span class='ocrx_word' id='word_1_183' title='bbox 646 1746 817 1779; x_wconf 86' lang='lat' dir='ltr'>conscribi</span> <span class='ocrx_word' id='word_1_184' title='bbox 847 1746 962 1792; x_wconf 80' lang='lat' dir='ltr'>jussit,</span> <span class='ocrx_word' id='word_1_185' title='bbox 991 1760 1056 1792; x_wconf 89' lang='lat' dir='ltr'>qua</span> <span class='ocrx_word' id='word_1_186' title='bbox 1081 1747 1259 1790; x_wconf 59' lang='lat' dir='ltr'>Origenis¹</span> <span class='ocrx_word' id='word_1_187' title='bbox 1289 1757 1324 1780; x_wconf 89' lang='lat' dir='ltr'>et</span> 
     </span>
     <span class='ocr_line' id='line_1_28' title="bbox 185 1805 1325 1854; baseline 0.002 -14"><span class='ocrx_word' id='word_1_188' title='bbox 185 1805 471 1849; x_wconf 81' lang='lat' dir='ltr'>Origenianorum</span> <span class='ocrx_word' id='word_1_189' title='bbox 505 1808 702 1849; x_wconf 86' lang='lat' dir='ltr'>dogmatum</span> <span class='ocrx_word' id='word_1_190' title='bbox 735 1809 904 1842; x_wconf 87' lang='lat' dir='ltr'>damnatio</span> <span class='ocrx_word' id='word_1_191' title='bbox 939 1808 1141 1843; x_wconf 83' lang='lat' dir='ltr'>continetur.</span> <span class='ocrx_word' id='word_1_192' title='bbox 1188 1809 1325 1854; x_wconf 83' lang='lat' dir='ltr'>Operae</span> 
     </span>
     <span class='ocr_line' id='line_1_29' title="bbox 184 1868 1323 1913; baseline 0.004 -13"><span class='ocrx_word' id='word_1_193' title='bbox 184 1868 334 1913; x_wconf 88' lang='lat' dir='ltr'>pretium</span> <span class='ocrx_word' id='word_1_194' title='bbox 359 1877 408 1900; x_wconf 83' lang='lat' dir='ltr'>est</span> <span class='ocrx_word' id='word_1_195' title='bbox 431 1868 503 1913; x_wconf 86' lang='lat' dir='ltr'>ipsa</span> <span class='ocrx_word' id='word_1_196' title='bbox 519 1869 668 1903; x_wconf 85' lang='lat' dir='ltr'>Liberati</span> <span class='ocrx_word' id='word_1_197' title='bbox 686 1870 956 1913; x_wconf 79' lang='lat' dir='ltr'>Carthaginensis</span> <span class='ocrx_word' id='word_1_198' title='bbox 969 1871 1200 1904; x_wconf 83' lang='lat' dir='ltr'>archidiaconi</span> <span class='ocrx_word' id='word_1_199' title='bbox 1220 1872 1323 1909; x_wconf 79' lang='lat' dir='ltr'>verba</span> 
     </span>
     <span class='ocr_line' id='line_1_30' title="bbox 184 1929 1320 1975; baseline 0.004 -13"><span class='ocrx_word' id='word_1_200' title='bbox 184 1929 344 1963; x_wconf 83' lang='lat' dir='ltr'>recitare:</span> <span class='ocrx_word' id='word_1_201' title='bbox 382 1930 593 1975; x_wconf 87' lang='lat' dir='ltr'>»Jubente¹)</span> <span class='ocrx_word' id='word_1_202' title='bbox 626 1944 667 1964; x_wconf 89' lang='lat' dir='ltr'>eo</span> <span class='ocrx_word' id='word_1_203' title='bbox 699 1932 821 1965; x_wconf 85' lang='lat' dir='ltr'>dictata</span> <span class='ocrx_word' id='word_1_204' title='bbox 852 1942 901 1965; x_wconf 87' lang='lat' dir='ltr'>est</span> <span class='ocrx_word' id='word_1_205' title='bbox 932 1933 964 1964; x_wconf 89' lang='lat' dir='ltr'>in</span> <span class='ocrx_word' id='word_1_206' title='bbox 991 1932 1193 1974; x_wconf 79' lang='lat' dir='ltr'>Origencm,</span> <span class='ocrx_word' id='word_1_207' title='bbox 1230 1933 1320 1966; x_wconf 85' lang='lat' dir='ltr'>etin</span> 
     </span>
     <span class='ocr_line' id='line_1_31' title="bbox 184 1990 1334 2038; baseline 0.003 -14"><span class='ocrx_word' id='word_1_208' title='bbox 184 1991 244 2024; x_wconf 85' lang='lat' dir='ltr'>illa</span> <span class='ocrx_word' id='word_1_209' title='bbox 270 1990 428 2035; x_wconf 87' lang='lat' dir='ltr'>Capitula</span> <span class='ocrx_word' id='word_1_210' title='bbox 458 1992 677 2026; x_wconf 80' lang='lat' dir='ltr'>anathematis</span> <span class='ocrx_word' id='word_1_211' title='bbox 710 1994 901 2033; x_wconf 85' lang='lat' dir='ltr'>damnatio,</span> <span class='ocrx_word' id='word_1_212' title='bbox 941 2007 1041 2038; x_wconf 87' lang='lat' dir='ltr'>quam</span> <span class='ocrx_word' id='word_1_213' title='bbox 1073 1992 1334 2028; x_wconf 52' lang='lat' dir='ltr'>subscribente?</span> 
     </span>
     <span class='ocr_line' id='line_1_32' title="bbox 182 2053 1322 2101; baseline 0.004 -15"><span class='ocrx_word' id='word_1_214' title='bbox 182 2065 248 2086; x_wconf 90' lang='lat' dir='ltr'>una</span> <span class='ocrx_word' id='word_1_215' title='bbox 273 2065 350 2085; x_wconf 75' lang='lat' dir='ltr'>curu</span> <span class='ocrx_word' id='word_1_216' title='bbox 382 2053 482 2085; x_wconf 86' lang='lat' dir='ltr'>Meua</span> <span class='ocrx_word' id='word_1_217' title='bbox 514 2054 775 2099; x_wconf 84' lang='lat' dir='ltr'>archiepiscopo</span> <span class='ocrx_word' id='word_1_218' title='bbox 808 2056 899 2100; x_wconf 85' lang='lat' dir='ltr'>apud</span> <span class='ocrx_word' id='word_1_219' title='bbox 924 2056 1246 2101; x_wconf 87' lang='lat' dir='ltr'>Constantinopolin</span> <span class='ocrx_word' id='word_1_220' title='bbox 1269 2070 1322 2090; x_wconf 83' lang='lat' dir='ltr'>re-</span> 
     </span>
     <span class='ocr_line' id='line_1_33' title="bbox 182 2106 1320 2163; baseline 0.004 -15"><span class='ocrx_word' id='word_1_221' title='bbox 182 2114 283 2160; x_wconf 84' lang='lat' dir='ltr'>perti,</span> <span class='ocrx_word' id='word_1_222' title='bbox 308 2114 430 2147; x_wconf 90' lang='lat' dir='ltr'>deinde</span> <span class='ocrx_word' id='word_1_223' title='bbox 456 2114 583 2148; x_wconf 86' lang='lat' dir='ltr'>directa</span> <span class='ocrx_word' id='word_1_224' title='bbox 608 2125 657 2148; x_wconf 86' lang='lat' dir='ltr'>est</span> <span class='ocrx_word' id='word_1_225' title='bbox 681 2116 806 2158; x_wconf 86' lang='lat' dir='ltr'>Vigilio</span> <span class='ocrx_word' id='word_1_226' title='bbox 833 2118 987 2150; x_wconf 77' lang='lat' dir='ltr'>Romano</span> <span class='ocrx_word' id='word_1_227' title='bbox 1014 2106 1320 2163; x_wconf 57' lang='lat' dir='ltr'>episcopo„,Z.oilo</span> 
     </span>
     <span class='ocr_line' id='line_1_34' title="bbox 187 2176 1321 2222; baseline 0.004 -12"><span class='ocrx_word' id='word_1_228' title='bbox 187 2176 425 2217; x_wconf 80' lang='lat' dir='ltr'>Alexandrino,</span> <span class='ocrx_word' id='word_1_229' title='bbox 448 2176 657 2222; x_wconf 67' lang='lat' dir='ltr'>Ephraemio</span> <span class='ocrx_word' id='word_1_230' title='bbox 686 2179 919 2218; x_wconf 82' lang='lat' dir='ltr'>Antiocheno,</span> <span class='ocrx_word' id='word_1_231' title='bbox 955 2188 988 2211; x_wconf 84' lang='lat' dir='ltr'>et</span> <span class='ocrx_word' id='word_1_232' title='bbox 1024 2178 1127 2213; x_wconf 84' lang='lat' dir='ltr'>Petro</span> <span class='ocrx_word' id='word_1_233' title='bbox 1156 2180 1321 2222; x_wconf 70' lang='lat' dir='ltr'>Hieroso-</span> 
     </span>
    </p>
   </div>
   <div class='ocr_carea' id='block_1_3' title="bbox 364 2249 451 2254">
    <p class='ocr_par' dir='ltr' id='par_1_4' title="bbox 364 2249 451 2254">
     <span class='ocr_line' id='line_1_35' title="bbox 364 2249 451 2254; baseline 0 0"><span class='ocrx_word' id='word_1_234' title='bbox 364 2249 451 2254; x_wconf 95' lang='lat' dir='ltr'> </span> 
     </span>
    </p>
   </div>
   <div class='ocr_carea' id='block_1_4' title="bbox 282 2294 997 2342">
    <p class='ocr_par' dir='ltr' id='par_1_5' title="bbox 282 2294 997 2342">
     <span class='ocr_line' id='line_1_36' title="bbox 282 2294 997 2342; baseline 0 -13"><span class='ocrx_word' id='word_1_235' title='bbox 282 2296 313 2340; x_wconf 91' lang='lat'>¹)</span> <span class='ocrx_word' id='word_1_236' title='bbox 340 2294 411 2330; x_wconf 85' lang='lat' dir='ltr'>Csr.</span> <span class='ocrx_word' id='word_1_237' title='bbox 438 2295 581 2328; x_wconf 85' lang='lat' dir='ltr'>Liberat.</span> <span class='ocrx_word' id='word_1_238' title='bbox 609 2295 693 2328; x_wconf 81' lang='lat' dir='ltr'>diac.</span> <span class='ocrx_word' id='word_1_239' title='bbox 720 2295 819 2330; x_wconf 87' lang='lat' dir='ltr'>Brev.</span> <span class='ocrx_word' id='word_1_240' title='bbox 846 2309 916 2342; x_wconf 91' lang='lat' dir='ltr'>cap.</span> <span class='ocrx_word' id='word_1_241' title='bbox 943 2296 997 2331; x_wconf 79' lang='grc'>23.</span> 
     </span>
    </p>
   </div>
  </div>
 </body>
</html>
