1413 2482
175 86 240 122 138
508 86 622 120 Parni
646 86 822 120 Dameus
848 87 981 121 Hoetu

265 177 425 222 Quinque
461 177 591 209 Tomos
625 176 782 219 Origenis
814 176 848 209 in
878 177 1005 211 Lucam
1037 177 1316 224 Hieronymus')

175 248 430 273 commemorat.
480 240 615 272 Novem
649 251 729 272 vero
757 247 790 272 et
814 238 949 282 triginta
972 238 1124 285 ejusdem
1147 240 1316 273 Homilias

174 303 208 336 in
233 303 321 335 hunc
335 300 584 344 Evangelistam
609 301 713 334 latina
737 300 891 335 oratione
915 301 1088 347 expressit,
1112 301 1232 348 quibus
1258 315 1317 348 pe-

174 364 283 410 percit
314 375 480 396 annorum
512 363 748 405 inclementia,
788 363 907 397 Tomis
945 363 1139 398 consumtis.
1197 363 1316 398 Plures

173 439 254 459 vero
281 427 322 459 ab
348 425 496 468 Origene
526 425 629 460 fuisse
662 427 869 472 conscriptas
902 438 962 460 cur
991 425 1159 472 suspicer,
1189 426 1317 460 faciunt

175 497 368 533 postremae
398 501 474 529 sex,
516 501 600 534 quae
641 502 717 522 cum
749 489 984 523 continuatum
1019 488 1054 522 in
1085 487 1318 534 superioribus

177 551 333 584 ordinem
357 563 426 584 non
447 560 595 592 teneant,
621 564 638 584 e
663 551 786 598 majori
803 565 946 586 numero
963 551 1122 586 videntur
1138 552 1319 585 detractam

176 613 275 646 Facit
300 623 334 646 et
357 614 429 659 ipse
456 613 622 656 Origenes
654 614 768 648 Tomo
793 614 890 651 XIII.
924 615 958 648 in
989 614 1111 648 Matih.
1136 627 1228 648 num.
1252 612 1320 655 29„

175 685 208 709 et
232 677 346 710 Tomo
370 676 517 710 XXXII.
550 676 584 709 in
617 677 856 719 Joann.⁷num.
881 677 930 719 2.,
968 677 1028 710 ubi
1053 677 1219 722 quaedam
1243 689 1262 710 a
1285 689 1320 709 se

173 739 209 771 in
234 738 396 773 Homiliis
422 738 456 772 in
481 740 606 773 Lucam
629 741 753 786 scripta
776 750 899 781 narrat,
925 753 1072 786 quorum
1092 740 1188 773 nulla
1207 739 1242 774 in
1266 752 1320 772 su·

173 801 372 846 perstitibus
402 802 564 836 Homiliis
602 808 766 849 apparent
798 803 948 847 vestigia.
1005 802 1252 848 Comment.²)
1284 801 1318 835 in

171 1018 196 1050 L
271 972 302 1016 ¹)
330 971 400 1006 Cfr.
438 972 638 1020 Hieronym.
679 974 818 1017 Prolog.
861 973 895 1007 in
934 973 1066 1008 Hamil.
1107 971 1246 1015 Origen.
1286 971 1320 1005 in

195 1031 309 1051 ucam.

265 1074 299 1118 ²)
326 1074 470 1108 Huetius
495 1074 659 1109 Rufinum
684 1075 739 1109 iric
763 1076 927 1122 sequitur,
951 1074 1145 1120 posthabita
1169 1065 1319 1107 lection‘e

171 1119 392 1166 Hieronymi,
429 1120 486 1165 qui
519 1121 655 1162 triginta
694 1130 727 1154 et
761 1135 887 1155 novem
920 1122 1052 1155 Tomos
1084 1121 1119 1154 in
1150 1120 1319 1153 Joannem

173 1175 358 1199 enumerat.
408 1166 478 1199 Sed
502 1166 617 1200 Rufini
644 1167 786 1200 lectioni
810 1168 894 1201 fides
919 1166 1060 1200 minime
1085 1166 1222 1200 videtur
1249 1177 1319 1198 esse

173 1211 373 1245 adhibenda.
437 1213 523 1245 Nam
562 1225 638 1246 cum
676 1214 808 1247 Tomus
845 1213 1015 1253 XXXII.‚
1051 1212 1109 1258 qui
1147 1210 1319 1256 hodieque

175 1257 306 1290 Graece
332 1267 503 1302 superest,
529 1258 659 1292 desinat
684 1259 726 1292 ad
752 1272 823 1304 cap.
848 1258 990 1292 Joannis
1015 1259 1113 1292 XIII.
1141 1270 1226 1291 vers.
1252 1255 1320 1296 33..

172 1304 228 1336 vel
252 1305 421 1346 integrum
448 1316 533 1349 opus
557 1305 757 1350 neutiquam
781 1305 927 1338 absolvit
945 1304 1120 1346 Origenes,
1145 1303 1201 1336 vel
1226 1301 1254 1335 si
1277 1302 1321 1335 ad

173 1349 278 1382 finem
301 1362 410 1394 usque
436 1349 613 1393 perduxit,
644 1363 714 1383 non
750 1350 928 1395 pauciores
961 1362 1061 1395 quam
1085 1348 1140 1384 39.
1188 1348 1319 1381 Tomos

174 1395 367 1427 elaborasse
393 1394 576 1427 verisimile
602 1405 660 1428 est.
696 1396 832 1429 Deinde
850 1395 966 1440 plures
992 1407 1093 1440 quam
1110 1393 1164 1428 32.
1189 1393 1321 1426 Tomos

176 1442 352 1474 confectos
377 1439 499 1482 fuisse,
532 1440 611 1474 inde
645 1441 792 1481 eruitur,
826 1442 920 1486 quod
946 1441 1112 1482 Origenes
1137 1439 1209 1484 ipse
1234 1438 1320 1472 Tra-

176 1495 266 1518 ctatu
290 1485 346 1520 35.
377 1485 410 1518 in
448 1486 567 1519 Matth.
599 1500 692 1524 num.
722 1487 797 1522 132.
828 1487 862 1519 in
895 1487 977 1519 haec
1010 1485 1175 1519 Matthaei
1201 1484 1321 1517 verba:

176 1533 236 1564 »ld
261 1532 372 1576 'ipsum
399 1541 512 1564 autem
538 1541 571 1564 et
595 1533 762 1572 latrones,
788 1532 846 1578 qui
871 1531 1022 1565 crucifixi
1048 1540 1142 1564 erant
1165 1543 1242 1563 cum
1267 1542 1321 1570 eo,

174 1578 453 1622 improperabant
480 1578 558 1610 eit«
591 1578 636 1611 ait
661 1592 695 1611 se
720 1577 1044 1619 in-Commentariis
1066 1576 1134 1610 suis
1158 1576 1193 1608 in
1217 1576 1322 1608 Joan-

174 1637 252 1656 ιιι-ιιι
279 1623 472 1668 exposuisse
499 1624 540 1656 de
566 1624 699 1657 duobus
731 1625 937 1663 latronibus,
971 1623 1028 1669 qui
1062 1621 1214 1655 crucifixi
1244 1630 1322 1654 suut

177 1683 252 1701 cum
281 1670 435 1708 Clu-isto,
463 1679 493 1702 ct
521 1669 567 1702 ibi
585 1669 743 1712 'agit-asse,
771 1683 812 1702 an
837 1670 895 1703 alii
918 1670 983 1702 sint
1009 1669 1077 1702 duo
1103 1668 1136 1700 hi
1163 1667 1321 1706 latrones,

176 1728 320 1759 quorum
349 1728 433 1746 uuus
458 1716 713 1760 blasphemabat
739 1715 910 1749 Christum
937 1715 1026 1761 juxta
1042 1715 1180 1754 Lucam,
1206 1723 1236 1746 et
1263 1713 1322 1745 alii

175 1760 301 1793 suerint
328 1760 396 1792 duo
422 1760 473 1792 illi
499 1761 657 1802 latrones,
683 1761 741 1806 qui
761 1763 862 1794 ambo
876 1761 1207 1805 blasphemaverunt,
1230 1758 1322 1803 juxta

175 1806 387 1839 matthaeum
414 1815 445 1838 ct
472 1807 646 1840 Marcum:
675 1808 738 1840 »Et
762 1809 854 1852 apud
877 1808 1057 1846 Joannem,
1081 1805 1211 1850 inquit,
1234 1803 1322 1836 sicut

175 1851 368 1897 potuimus,
404 1852 621 1897 exposuimus
644 1854 685 1886 de
711 1854 845 1886 duobus
870 1852 1075 1893 latronibus,
1102 1851 1158 1895 qui
1183 1850 1321 1883 suerunt

178 1896 329 1930 crucifixi
355 1910 432 1930 cum
460 1898 614 1942 Christo,
646 1898 704 1944 qui
734 1899 920 1932 secundum
944 1897 1156 1931 Matthaeum
1181 1895 1321 1940 quidem

177 1952 211 1976 et
236 1942 392 1976 Marcum
417 1943 736 1989 improperaverunt
761 1946 791 1976 ei
815 1945 916 1976 ambo
941 1943 975 1975 in
997 1954 1106 1980 cruce,
1131 1941 1318 1974 secundum

176 1989 302 2022 Lucam
328 1998 439 2021 autem
467 1989 646 2030 dicentem,
672 1989 832 2034 quoniam
857 2001 943 2022 unus
964 1989 1005 2021 de
1018 1987 1247 2033 pendentibus
1271 1987 1319 2019 la-

177 2033 334 2067 tronibus
369 2034 671 2078 blasphemabat..
693 2060 698 2066 .
718 2061 724 2067 .
763 2034 977 2068 Conveniens
1011 2045 1090 2075 ergo
1117 2042 1184 2076 est,
1222 2041 1261 2065 ut
1283 2032 1319 2066 in

176 2079 296 2125 primis
322 2079 461 2124 quidem
486 2081 586 2113 ambo
612 2082 759 2113 latrones
785 2080 1017 2121 intelligantur
1033 2077 1319 2112 Dominumzbla—

177 2125 440 2170 sphemasse....
491 2129 558 2158 Aut
582 2138 624 2158 ne
649 2126 748 2165 sorte,
772 2126 859 2158 sicut
883 2135 916 2157 et
939 2125 1010 2158 illic
1029 2124 1172 2158 diximus
1197 2122 1318 2167 (Com-

175 2172 373 2214 mentariis
395 2170 533 2205 scilicet
557 2173 595 2204 ιἰι
620 2171 828 2215 1οηηιιεηι,)
863 2170 920 2203 alii
951 2180 1028 2203 sunt
1059 2170 1094 2202 hi
1118 2171 1187 2202 duo
1212 2169 1317 2203 latro-

177 2229 256 2256 nes,
297 2230 334 2248 ex
367 2216 488 2261 quibus
520 2230 604 2250 unus
628 2217 883 2262 blasphemabat
909 2229 1004 2257 eum,
1039 2225 1071 2248 et
1099 2216 1157 2249 alii
1180 2215 1317 2248 fuerunt

178 2263 230 2295 illi
256 2263 324 2295 duo
352 2261 509 2303 latrones,
534 2263 591 2308 qui
616 2264 716 2295 ambo
742 2262 1105 2308 blaspliemaveruntz«
1138 2261 1202 2305 (sic
1226 2260 1315 2294 enim

177 2308 359 2355 legendum
385 2317 433 2344 est
458 2308 546 2358 juxta
573 2308 670 2357 Mas.)
719 2309 811 2345 Ilaec
843 2317 955 2344 autem
986 2306 1110 2344 nullibi
1141 2306 1316 2356 reperiun-
