<?xml version="1.0" encoding="UTF-8"?>
<!DOCTYPE html PUBLIC "-//W3C//DTD XHTML 1.0 Transitional//EN"
    "http://www.w3.org/TR/xhtml1/DTD/xhtml1-transitional.dtd">
<html xmlns="http://www.w3.org/1999/xhtml" xml:lang="en" lang="en">
 <head>
  <title>
</title>
<meta http-equiv="Content-Type" content="text/html;charset=utf-8" />
  <meta name='ocr-system' content='tesseract 3.04.00' />
  <meta name='ocr-capabilities' content='ocr_page ocr_carea ocr_par ocr_line ocrx_word'/>
</head>
<body>
  <div class='ocr_page' id='page_1' title='image "./operaomniaquaegr24orig/operaomniaquaegr24orig_0401.png"; bbox 0 0 1422 2472; ppageno 0'>
   <div class='ocr_carea' id='block_1_1' title="bbox 382 42 1190 79">
    <p class='ocr_par' dir='ltr' id='par_1_1' title="bbox 382 42 1190 79">
     <span class='ocr_line' id='line_1_1' title="bbox 382 42 1190 79; baseline 0.007 -6"><span class='ocrx_word' id='word_1_1' title='bbox 382 44 562 74; x_wconf 64' lang='lat' dir='ltr'>Ammon</span> <span class='ocrx_word' id='word_1_2' title='bbox 589 50 657 74; x_wconf 78' lang='lat' dir='ltr'>mm</span> <span class='ocrx_word' id='word_1_3' title='bbox 684 42 860 74; x_wconf 70' lang='lat' dir='ltr'>Omssssmz.</span> <span class='ocrx_word' id='word_1_4' title='bbox 1124 44 1190 79; x_wconf 76' lang='lat'>383</span> 
     </span>
    </p>
   </div>
   <div class='ocr_carea' id='block_1_2' title="bbox 54 131 1189 1348">
    <p class='ocr_par' dir='ltr' id='par_1_2' title="bbox 60 131 1189 410">
     <span class='ocr_line' id='line_1_2' title="bbox 64 131 1187 177; baseline 0.001 -14"><span class='ocrx_word' id='word_1_5' title='bbox 64 131 114 163; x_wconf 81' lang='lat' dir='ltr'>sio</span> <span class='ocrx_word' id='word_1_6' title='bbox 139 131 391 164; x_wconf 82' lang='lat' dir='ltr'>resurrectionis</span> <span class='ocrx_word' id='word_1_7' title='bbox 420 140 633 164; x_wconf 82' lang='lat' dir='ltr'>mortuorum</span> <span class='ocrx_word' id='word_1_8' title='bbox 664 131 706 163; x_wconf 79' lang='lat' dir='ltr'>de</span> <span class='ocrx_word' id='word_1_9' title='bbox 738 131 802 164; x_wconf 84' lang='lat' dir='ltr'>hoc</span> <span class='ocrx_word' id='word_1_10' title='bbox 835 144 978 177; x_wconf 80' lang='lat' dir='ltr'>corpore</span> <span class='ocrx_word' id='word_1_11' title='bbox 1007 132 1067 171; x_wconf 87' lang='lat' dir='ltr'>sit,</span> <span class='ocrx_word' id='word_1_12' title='bbox 1097 133 1187 177; x_wconf 79' lang='lat' dir='ltr'>quod</span> 
     </span>
     <span class='ocr_line' id='line_1_3' title="bbox 65 192 1189 237; baseline 0.002 -12"><span class='ocrx_word' id='word_1_13' title='bbox 65 201 238 225; x_wconf 84' lang='lat' dir='ltr'>mortuum</span> <span class='ocrx_word' id='word_1_14' title='bbox 262 192 472 237; x_wconf 74' lang='lat' dir='ltr'>relinquitur,</span> <span class='ocrx_word' id='word_1_15' title='bbox 495 202 626 225; x_wconf 83' lang='lat' dir='ltr'>sanctae</span> <span class='ocrx_word' id='word_1_16' title='bbox 645 192 838 237; x_wconf 72' lang='lat' dir='ltr'>Scripturae</span> <span class='ocrx_word' id='word_1_17' title='bbox 855 193 971 227; x_wconf 85' lang='lat' dir='ltr'>multis</span> <span class='ocrx_word' id='word_1_18' title='bbox 993 194 1102 227; x_wconf 85' lang='lat' dir='ltr'>modis</span> <span class='ocrx_word' id='word_1_19' title='bbox 1125 195 1189 227; x_wconf 79' lang='lat' dir='ltr'>hoc</span> 
     </span>
     <span class='ocr_line' id='line_1_4' title="bbox 64 253 1189 298; baseline 0.003 -12"><span class='ocrx_word' id='word_1_20' title='bbox 64 254 257 288; x_wconf 82' lang='lat' dir='ltr'>ostendunt.</span> <span class='ocrx_word' id='word_1_21' title='bbox 303 254 371 287; x_wconf 85' lang='lat' dir='ltr'>Sed</span> <span class='ocrx_word' id='word_1_22' title='bbox 396 264 428 286; x_wconf 86' lang='lat' dir='ltr'>et</span> <span class='ocrx_word' id='word_1_23' title='bbox 444 254 473 297; x_wconf 91' lang='lat'>¹)</span> <span class='ocrx_word' id='word_1_24' title='bbox 498 253 562 286; x_wconf 86' lang='lat' dir='ltr'>hoc</span> <span class='ocrx_word' id='word_1_25' title='bbox 586 253 656 298; x_wconf 83' lang='lat' dir='ltr'>ipsa</span> <span class='ocrx_word' id='word_1_26' title='bbox 679 254 820 287; x_wconf 81' lang='lat' dir='ltr'>Domini</span> <span class='ocrx_word' id='word_1_27' title='bbox 842 257 949 289; x_wconf 81' lang='lat' dir='ltr'><strong>nostri</strong></span> <span class='ocrx_word' id='word_1_28' title='bbox 970 256 1050 289; x_wconf 86' lang='lat' dir='ltr'>Jesu</span> <span class='ocrx_word' id='word_1_29' title='bbox 1067 256 1189 290; x_wconf 71' lang='lat' dir='ltr'>Christi</span> 
     </span>
     <span class='ocr_line' id='line_1_5' title="bbox 63 315 1188 360; baseline 0.004 -13"><span class='ocrx_word' id='word_1_30' title='bbox 63 315 263 349; x_wconf 82' lang='lat' dir='ltr'>resurrectio</span> <span class='ocrx_word' id='word_1_31' title='bbox 299 316 464 354; x_wconf 77' lang='lat' dir='ltr'><strong>declarat,</strong></span> <span class='ocrx_word' id='word_1_32' title='bbox 501 315 558 360; x_wconf 82' lang='lat' dir='ltr'>qui</span> <span class='ocrx_word' id='word_1_33' title='bbox 588 315 830 360; x_wconf 81' lang='lat' dir='ltr'>primogenitus</span> <span class='ocrx_word' id='word_1_34' title='bbox 843 317 876 360; x_wconf 88' lang='lat'>²)</span> <span class='ocrx_word' id='word_1_35' title='bbox 910 331 948 350; x_wconf 85' lang='lat' dir='ltr'>ex</span> <span class='ocrx_word' id='word_1_36' title='bbox 973 317 1115 351; x_wconf 84' lang='lat' dir='ltr'>mortuis</span> <span class='ocrx_word' id='word_1_37' title='bbox 1139 318 1188 351; x_wconf 84' lang='lat' dir='ltr'>di-</span> 
     </span>
     <span class='ocr_line' id='line_1_6' title="bbox 60 377 178 410; baseline -0.008 -1"><span class='ocrx_word' id='word_1_38' title='bbox 60 377 178 410; x_wconf 68' lang='lat' dir='ltr'>eitun«</span> 
     </span>
    </p>

    <p class='ocr_par' dir='ltr' id='par_1_3' title="bbox 61 438 1186 546">
     <span class='ocr_line' id='line_1_7' title="bbox 152 438 1186 485; baseline 0.002 -12"><span class='ocrx_word' id='word_1_39' title='bbox 152 438 432 473; x_wconf 78' lang='lat' dir='ltr'>PAMPHlLUS.</span> <span class='ocrx_word' id='word_1_40' title='bbox 479 439 562 471; x_wconf 87' lang='lat' dir='ltr'>Post</span> <span class='ocrx_word' id='word_1_41' title='bbox 593 438 690 478; x_wconf 79' lang='lat' dir='ltr'>haec,</span> <span class='ocrx_word' id='word_1_42' title='bbox 723 439 921 483; x_wconf 78' lang='lat' dir='ltr'>quibusdam</span> <span class='ocrx_word' id='word_1_43' title='bbox 954 454 1014 485; x_wconf 86' lang='lat' dir='ltr'>per</span> <span class='ocrx_word' id='word_1_44' title='bbox 1037 443 1186 475; x_wconf 84' lang='lat' dir='ltr'>medium</span> 
     </span>
     <span class='ocr_line' id='line_1_8' title="bbox 61 499 735 546; baseline -0.004 -11"><span class='ocrx_word' id='word_1_45' title='bbox 61 502 159 535; x_wconf 79' lang='lat' dir='ltr'>latius</span> <span class='ocrx_word' id='word_1_46' title='bbox 185 500 371 546; x_wconf 75' lang='lat' dir='ltr'>disputatis,</span> <span class='ocrx_word' id='word_1_47' title='bbox 395 500 517 546; x_wconf 82' lang='lat' dir='ltr'>adjecit</span> <span class='ocrx_word' id='word_1_48' title='bbox 540 499 639 532; x_wconf 83' lang='lat' dir='ltr'>etiam</span> <span class='ocrx_word' id='word_1_49' title='bbox 664 500 735 533; x_wconf 81' lang='lat' dir='ltr'>ista.</span> 
     </span>
    </p>

    <p class='ocr_par' dir='ltr' id='par_1_4' title="bbox 54 561 1187 1348">
     <span class='ocr_line' id='line_1_9' title="bbox 150 561 1187 607; baseline 0.003 -12"><span class='ocrx_word' id='word_1_50' title='bbox 150 562 398 598; x_wconf 80' lang='lat' dir='ltr'><strong>ORIGENES.</strong></span> <span class='ocrx_word' id='word_1_51' title='bbox 449 561 607 605; x_wconf 77' lang='lat' dir='ltr'>·‚Sicut³)</span> <span class='ocrx_word' id='word_1_52' title='bbox 643 561 730 594; x_wconf 81' lang='lat' dir='ltr'>enirn</span> <span class='ocrx_word' id='word_1_53' title='bbox 763 563 838 607; x_wconf 87' lang='lat' dir='ltr'>plus</span> <span class='ocrx_word' id='word_1_54' title='bbox 868 563 969 596; x_wconf 83' lang='lat' dir='ltr'>habet</span> <span class='ocrx_word' id='word_1_55' title='bbox 1000 565 1108 598; x_wconf 82' lang='lat' dir='ltr'>omnis</span> <span class='ocrx_word' id='word_1_56' title='bbox 1136 579 1187 599; x_wconf 76' lang='lat' dir='ltr'>ra—</span> 
     </span>
     <span class='ocr_line' id='line_1_10' title="bbox 60 623 1187 668; baseline 0 -9"><span class='ocrx_word' id='word_1_57' title='bbox 60 625 231 660; x_wconf 83' lang='lat' dir='ltr'>tionabilis</span> <span class='ocrx_word' id='word_1_58' title='bbox 255 625 363 658; x_wconf 81' lang='lat' dir='ltr'>anima</span> <span class='ocrx_word' id='word_1_59' title='bbox 395 623 465 663; x_wconf 82' lang='lat' dir='ltr'>his,</span> <span class='ocrx_word' id='word_1_60' title='bbox 495 636 579 668; x_wconf 83' lang='lat' dir='ltr'>quae</span> <span class='ocrx_word' id='word_1_61' title='bbox 610 623 663 655; x_wconf 87' lang='lat' dir='ltr'>vel</span> <span class='ocrx_word' id='word_1_62' title='bbox 694 625 882 664; x_wconf 83' lang='lat' dir='ltr'>crescendi,</span> <span class='ocrx_word' id='word_1_63' title='bbox 923 625 974 658; x_wconf 79' lang='lat' dir='ltr'>vel</span> <span class='ocrx_word' id='word_1_64' title='bbox 1005 626 1187 666; x_wconf 86' lang='lat' dir='ltr'>nutriendi,</span> 
     </span>
     <span class='ocr_line' id='line_1_11' title="bbox 62 685 1185 728; baseline 0 -7"><span class='ocrx_word' id='word_1_65' title='bbox 62 689 114 721; x_wconf 82' lang='lat' dir='ltr'>vel</span> <span class='ocrx_word' id='word_1_66' title='bbox 139 697 252 720; x_wconf 86' lang='lat' dir='ltr'>motus</span> <span class='ocrx_word' id='word_1_67' title='bbox 276 686 380 719; x_wconf 86' lang='lat' dir='ltr'>solius</span> <span class='ocrx_word' id='word_1_68' title='bbox 406 685 556 718; x_wconf 81' lang='lat' dir='ltr'>officium</span> <span class='ocrx_word' id='word_1_69' title='bbox 581 686 737 718; x_wconf 82' lang='lat' dir='ltr'>exhibere</span> <span class='ocrx_word' id='word_1_70' title='bbox 762 686 934 719; x_wconf 87' lang='lat' dir='ltr'>dicuntur:</span> <span class='ocrx_word' id='word_1_71' title='bbox 959 687 1006 719; x_wconf 82' lang='lat' dir='ltr'>sic</span> <span class='ocrx_word' id='word_1_72' title='bbox 1031 701 1067 721; x_wconf 79' lang='lat' dir='ltr'>ea</span> <span class='ocrx_word' id='word_1_73' title='bbox 1088 688 1185 728; x_wconf 77' lang='lat' dir='ltr'>ratio,</span> 
     </span>
     <span class='ocr_line' id='line_1_12' title="bbox 60 747 1184 795; baseline 0 -12"><span class='ocrx_word' id='word_1_74' title='bbox 60 763 145 795; x_wconf 80' lang='lat' dir='ltr'>quae</span> <span class='ocrx_word' id='word_1_75' title='bbox 168 749 202 782; x_wconf 78' lang='lat' dir='ltr'>in</span> <span class='ocrx_word' id='word_1_76' title='bbox 227 747 373 780; x_wconf 81' lang='lat' dir='ltr'>humano</span> <span class='ocrx_word' id='word_1_77' title='bbox 398 759 542 791; x_wconf 81' lang='lat' dir='ltr'>corpore</span> <span class='ocrx_word' id='word_1_78' title='bbox 566 757 625 787; x_wconf 85' lang='lat' dir='ltr'>est,</span> <span class='ocrx_word' id='word_1_79' title='bbox 650 747 758 780; x_wconf 88' lang='lat' dir='ltr'>multo</span> <span class='ocrx_word' id='word_1_80' title='bbox 783 748 927 792; x_wconf 80' lang='lat' dir='ltr'>amplius</span> <span class='ocrx_word' id='word_1_81' title='bbox 951 749 1060 789; x_wconf 83' lang='lat' dir='ltr'>habet,</span> <span class='ocrx_word' id='word_1_82' title='bbox 1087 764 1184 795; x_wconf 75' lang='lat' dir='ltr'>quam</span> 
     </span>
     <span class='ocr_line' id='line_1_13' title="bbox 58 808 1184 858; baseline 0 -14"><span class='ocrx_word' id='word_1_83' title='bbox 58 824 143 858; x_wconf 77' lang='lat' dir='ltr'>quae</span> <span class='ocrx_word' id='word_1_84' title='bbox 166 811 199 843; x_wconf 86' lang='lat' dir='ltr'>in</span> <span class='ocrx_word' id='word_1_85' title='bbox 223 808 363 854; x_wconf 83' lang='lat' dir='ltr'>reliquis</span> <span class='ocrx_word' id='word_1_86' title='bbox 387 817 435 841; x_wconf 88' lang='lat' dir='ltr'>est</span> <span class='ocrx_word' id='word_1_87' title='bbox 460 809 669 853; x_wconf 84' lang='lat' dir='ltr'>corporibus,</span> <span class='ocrx_word' id='word_1_88' title='bbox 694 823 731 842; x_wconf 77' lang='lat' dir='ltr'>ex</span> <span class='ocrx_word' id='word_1_89' title='bbox 746 823 798 850; x_wconf 85' lang='lat' dir='ltr'>eo,</span> <span class='ocrx_word' id='word_1_90' title='bbox 822 811 913 855; x_wconf 89' lang='lat' dir='ltr'>quod</span> <span class='ocrx_word' id='word_1_91' title='bbox 927 810 960 855; x_wconf 73' lang='lat'>²)</span> <span class='ocrx_word' id='word_1_92' title='bbox 985 811 1084 844; x_wconf 81' lang='lat' dir='ltr'>etiam</span> <span class='ocrx_word' id='word_1_93' title='bbox 1109 825 1184 844; x_wconf 82' lang='lat' dir='ltr'>curn</span> 
     </span>
     <span class='ocr_line' id='line_1_14' title="bbox 58 870 1185 918; baseline 0 -12"><span class='ocrx_word' id='word_1_94' title='bbox 58 882 255 917; x_wconf 81' lang='lat' dir='ltr'>corruptum</span> <span class='ocrx_word' id='word_1_95' title='bbox 280 870 380 903; x_wconf 80' lang='lat' dir='ltr'>fuerit</span> <span class='ocrx_word' id='word_1_96' title='bbox 404 883 526 914; x_wconf 87' lang='lat' dir='ltr'>corpus</span> <span class='ocrx_word' id='word_1_97' title='bbox 550 871 742 911; x_wconf 81' lang='lat' dir='ltr'>humanum,</span> <span class='ocrx_word' id='word_1_98' title='bbox 764 872 942 905; x_wconf 72' lang='lat' dir='ltr'>subsistere</span> <span class='ocrx_word' id='word_1_99' title='bbox 960 886 1090 905; x_wconf 86' lang='lat' dir='ltr'>rursum</span> <span class='ocrx_word' id='word_1_100' title='bbox 1108 884 1185 918; x_wconf 86' lang='lat' dir='ltr'>pot-</span> 
     </span>
     <span class='ocr_line' id='line_1_15' title="bbox 59 932 1184 980; baseline 0 -12"><span class='ocrx_word' id='word_1_101' title='bbox 59 945 109 968; x_wconf 85' lang='lat' dir='ltr'>est</span> <span class='ocrx_word' id='word_1_102' title='bbox 137 934 203 967; x_wconf 81' lang='lat' dir='ltr'>Dei</span> <span class='ocrx_word' id='word_1_103' title='bbox 242 932 364 965; x_wconf 85' lang='lat' dir='ltr'>virtute</span> <span class='ocrx_word' id='word_1_104' title='bbox 395 933 606 977; x_wconf 71' lang='lat' dir='ltr'>servatum5)</span> <span class='ocrx_word' id='word_1_105' title='bbox 637 942 671 965; x_wconf 88' lang='lat' dir='ltr'>et</span> <span class='ocrx_word' id='word_1_106' title='bbox 702 934 907 968; x_wconf 77' lang='lat' dir='ltr'>custoditum</span> <span class='ocrx_word' id='word_1_107' title='bbox 932 948 1037 980; x_wconf 87' lang='lat' dir='ltr'>usque</span> <span class='ocrx_word' id='word_1_108' title='bbox 1061 937 1102 968; x_wconf 70' lang='lat' dir='ltr'>ad</span> <span class='ocrx_word' id='word_1_109' title='bbox 1133 949 1184 969; x_wconf 87' lang='lat' dir='ltr'>re-</span> 
     </span>
     <span class='ocr_line' id='line_1_16' title="bbox 58 994 1183 1042; baseline 0 -12"><span class='ocrx_word' id='word_1_110' title='bbox 58 994 273 1030; x_wconf 85' lang='lat' dir='ltr'>surrectionis</span> <span class='ocrx_word' id='word_1_111' title='bbox 296 1006 372 1026; x_wconf 76' lang='lat' dir='ltr'>sune</span> <span class='ocrx_word' id='word_1_112' title='bbox 397 1003 540 1038; x_wconf 77' lang='lat' dir='ltr'>tempus.</span> <span class='ocrx_word' id='word_1_113' title='bbox 588 995 692 1038; x_wconf 81' lang='lat' dir='ltr'>Quod</span> <span class='ocrx_word' id='word_1_114' title='bbox 725 1005 835 1028; x_wconf 76' lang='lat' dir='ltr'>nutem</span> <span class='ocrx_word' id='word_1_115' title='bbox 867 996 1058 1042; x_wconf 84' lang='lat' dir='ltr'>ubicunque</span> <span class='ocrx_word' id='word_1_116' title='bbox 1084 998 1183 1030; x_wconf 82' lang='lat' dir='ltr'>fuerit</span> 
     </span>
     <span class='ocr_line' id='line_1_17' title="bbox 58 1055 1182 1102; baseline 0.001 -11"><span class='ocrx_word' id='word_1_117' title='bbox 58 1058 260 1095; x_wconf 73' lang='lat' dir='ltr'>restituatur,</span> <span class='ocrx_word' id='word_1_118' title='bbox 285 1055 319 1087; x_wconf 81' lang='lat' dir='ltr'>id</span> <span class='ocrx_word' id='word_1_119' title='bbox 343 1064 401 1094; x_wconf 83' lang='lat' dir='ltr'>est,</span> <span class='ocrx_word' id='word_1_120' title='bbox 425 1056 466 1087; x_wconf 77' lang='lat' dir='ltr'>ab</span> <span class='ocrx_word' id='word_1_121' title='bbox 479 1055 511 1099; x_wconf 76' lang='lat'>⁶)</span> <span class='ocrx_word' id='word_1_122' title='bbox 537 1056 648 1096; x_wconf 83' lang='lat' dir='ltr'>omni,</span> <span class='ocrx_word' id='word_1_123' title='bbox 680 1057 712 1088; x_wconf 83' lang='lat' dir='ltr'>in</span> <span class='ocrx_word' id='word_1_124' title='bbox 746 1070 813 1101; x_wconf 90' lang='lat' dir='ltr'>quo</span> <span class='ocrx_word' id='word_1_125' title='bbox 846 1057 985 1102; x_wconf 77' lang='lat' dir='ltr'>jacuerit</span> <span class='ocrx_word' id='word_1_126' title='bbox 1009 1059 1106 1099; x_wconf 82' lang='lat' dir='ltr'>loco,</span> <span class='ocrx_word' id='word_1_127' title='bbox 1138 1059 1182 1092; x_wconf 75' lang='lat' dir='ltr'>ita</span> 
     </span>
     <span class='ocr_line' id='line_1_18' title="bbox 57 1116 1183 1162; baseline 0.002 -11"><span class='ocrx_word' id='word_1_128' title='bbox 57 1119 103 1151; x_wconf 79' lang='lat' dir='ltr'>ait</span> <span class='ocrx_word' id='word_1_129' title='bbox 124 1119 270 1151; x_wconf 80' lang='lat' dir='ltr'>Joannes</span> <span class='ocrx_word' id='word_1_130' title='bbox 294 1116 328 1149; x_wconf 80' lang='lat' dir='ltr'>in</span> <span class='ocrx_word' id='word_1_131' title='bbox 353 1117 557 1150; x_wconf 75' lang='lat' dir='ltr'>revelatione</span> <span class='ocrx_word' id='word_1_132' title='bbox 581 1131 654 1151; x_wconf 78' lang='lat' dir='ltr'>sua:</span> <span class='ocrx_word' id='word_1_133' title='bbox 687 1118 729 1150; x_wconf 82' lang='lat' dir='ltr'>Et</span> <span class='ocrx_word' id='word_1_134' title='bbox 742 1119 773 1162; x_wconf 78' lang='grc'>7)</span> <span class='ocrx_word' id='word_1_135' title='bbox 806 1118 953 1152; x_wconf 73' lang='lat' dir='ltr'>reddidit</span> <span class='ocrx_word' id='word_1_136' title='bbox 977 1133 1066 1153; x_wconf 79' lang='lat' dir='ltr'>mare</span> <span class='ocrx_word' id='word_1_137' title='bbox 1094 1134 1183 1153; x_wconf 74' lang='lat' dir='ltr'>ruor-</span> 
     </span>
     <span class='ocr_line' id='line_1_19' title="bbox 56 1179 1182 1226; baseline 0.002 -13"><span class='ocrx_word' id='word_1_138' title='bbox 56 1191 152 1219; x_wconf 89' lang='lat' dir='ltr'>tuos,</span> <span class='ocrx_word' id='word_1_139' title='bbox 177 1192 261 1224; x_wconf 88' lang='lat' dir='ltr'>quos</span> <span class='ocrx_word' id='word_1_140' title='bbox 285 1179 426 1211; x_wconf 80' lang='lat' dir='ltr'>habebat</span> <span class='ocrx_word' id='word_1_141' title='bbox 449 1179 482 1211; x_wconf 85' lang='lat' dir='ltr'>in</span> <span class='ocrx_word' id='word_1_142' title='bbox 507 1192 552 1218; x_wconf 86' lang='lat' dir='ltr'>se,</span> <span class='ocrx_word' id='word_1_143' title='bbox 578 1189 611 1212; x_wconf 80' lang='lat' dir='ltr'>et</span> <span class='ocrx_word' id='word_1_144' title='bbox 635 1192 725 1211; x_wconf 83' lang='lat' dir='ltr'>mors</span> <span class='ocrx_word' id='word_1_145' title='bbox 750 1189 783 1211; x_wconf 86' lang='lat' dir='ltr'>et</span> <span class='ocrx_word' id='word_1_146' title='bbox 806 1180 956 1213; x_wconf 84' lang='lat' dir='ltr'>infernus</span> <span class='ocrx_word' id='word_1_147' title='bbox 968 1181 1001 1226; x_wconf 71' lang='lat'>⁸)</span> <span class='ocrx_word' id='word_1_148' title='bbox 1024 1183 1182 1215; x_wconf 78' lang='lat' dir='ltr'>reddide-</span> 
     </span>
     <span class='ocr_line' id='line_1_20' title="bbox 54 1240 1180 1286; baseline 0 -11"><span class='ocrx_word' id='word_1_149' title='bbox 54 1251 132 1275; x_wconf 85' lang='lat' dir='ltr'>runt</span> <span class='ocrx_word' id='word_1_150' title='bbox 155 1249 307 1273; x_wconf 86' lang='lat' dir='ltr'>mortuos</span> <span class='ocrx_word' id='word_1_151' title='bbox 331 1253 421 1281; x_wconf 82' lang='lat' dir='ltr'>suos,</span> <span class='ocrx_word' id='word_1_152' title='bbox 446 1240 503 1284; x_wconf 80' lang='lat' dir='ltr'>qui</span> <span class='ocrx_word' id='word_1_153' title='bbox 528 1251 620 1274; x_wconf 78' lang='lat' dir='ltr'>erant</span> <span class='ocrx_word' id='word_1_154' title='bbox 643 1241 676 1273; x_wconf 83' lang='lat' dir='ltr'>in</span> <span class='ocrx_word' id='word_1_155' title='bbox 703 1242 758 1274; x_wconf 87' lang='lat' dir='ltr'>eis.</span> <span class='ocrx_word' id='word_1_156' title='bbox 806 1242 911 1274; x_wconf 86' lang='lat' dir='ltr'>Forte</span> <span class='ocrx_word' id='word_1_157' title='bbox 935 1242 1038 1285; x_wconf 74' lang='lat' dir='ltr'>enim,</span> <span class='ocrx_word' id='word_1_158' title='bbox 1058 1253 1095 1276; x_wconf 88' lang='lat' dir='ltr'>ut</span> <span class='ocrx_word' id='word_1_159' title='bbox 1119 1258 1180 1286; x_wconf 86' lang='lat' dir='ltr'>ego</span> 
     </span>
     <span class='ocr_line' id='line_1_21' title="bbox 55 1301 1181 1348; baseline 0.003 -13"><span class='ocrx_word' id='word_1_160' title='bbox 55 1312 152 1348; x_wconf 86' lang='lat' dir='ltr'>puto,</span> <span class='ocrx_word' id='word_1_161' title='bbox 177 1315 267 1335; x_wconf 77' lang='lat' dir='ltr'>mare</span> <span class='ocrx_word' id='word_1_162' title='bbox 291 1301 345 1334; x_wconf 85' lang='lat' dir='ltr'>hic</span> <span class='ocrx_word' id='word_1_163' title='bbox 358 1315 420 1347; x_wconf 86' lang='lat' dir='ltr'>pro</span> <span class='ocrx_word' id='word_1_164' title='bbox 435 1302 574 1335; x_wconf 82' lang='lat' dir='ltr'>humido</span> <span class='ocrx_word' id='word_1_165' title='bbox 591 1302 682 1335; x_wconf 82' lang='lat' dir='ltr'>omni</span> <span class='ocrx_word' id='word_1_166' title='bbox 703 1303 909 1348; x_wconf 77' lang='lat' dir='ltr'>appellatum</span> <span class='ocrx_word' id='word_1_167' title='bbox 927 1313 976 1336; x_wconf 88' lang='lat' dir='ltr'>est</span> <span class='ocrx_word' id='word_1_168' title='bbox 994 1305 1181 1345; x_wconf 77' lang='lat' dir='ltr'>elemento;</span> 
     </span>
    </p>
   </div>
   <div class='ocr_carea' id='block_1_3' title="bbox 55 1364 1178 1411">
    <p class='ocr_par' dir='ltr' id='par_1_5' title="bbox 55 1364 1178 1411">
     <span class='ocr_line' id='line_1_22' title="bbox 55 1364 1178 1411; baseline 0.003 -14"><span class='ocrx_word' id='word_1_169' title='bbox 55 1364 154 1397; x_wconf 80' lang='lat' dir='ltr'>inseri</span> <span class='ocrx_word' id='word_1_170' title='bbox 167 1364 201 1408; x_wconf 87' lang='lat'>⁹)</span> <span class='ocrx_word' id='word_1_171' title='bbox 233 1372 345 1396; x_wconf 76' lang='lat' dir='ltr'>autem</span> <span class='ocrx_word' id='word_1_172' title='bbox 377 1377 440 1408; x_wconf 86' lang='lat' dir='ltr'>pro</span> <span class='ocrx_word' id='word_1_173' title='bbox 473 1368 566 1405; x_wconf 60' lang='grc' dir='ltr'>εἰέκ-κη</span> <span class='ocrx_word' id='word_1_174' title='bbox 596 1377 686 1397; x_wconf 87' lang='lat' dir='ltr'>mors</span> <span class='ocrx_word' id='word_1_175' title='bbox 722 1377 799 1397; x_wconf 78' lang='lat' dir='ltr'>vero</span> <span class='ocrx_word' id='word_1_176' title='bbox 832 1377 896 1409; x_wconf 80' lang='lat' dir='ltr'>pro</span> <span class='ocrx_word' id='word_1_177' title='bbox 928 1374 1023 1399; x_wconf 77' lang='lat' dir='ltr'>terra.</span> <span class='ocrx_word' id='word_1_178' title='bbox 1073 1367 1178 1411; x_wconf 80' lang='lat' dir='ltr'>Quasi</span> 
     </span>
    </p>
   </div>
   <div class='ocr_carea' id='block_1_4' title="bbox 144 1502 800 1602">
    <p class='ocr_par' dir='ltr' id='par_1_6' title="bbox 144 1502 800 1602">
     <span class='ocr_line' id='line_1_23' title="bbox 151 1502 656 1547; baseline -0.004 -12"><span class='ocrx_word' id='word_1_179' title='bbox 151 1505 181 1547; x_wconf 85' lang='lat'>¹)</span> <span class='ocrx_word' id='word_1_180' title='bbox 206 1503 292 1537; x_wconf 79' lang='lat' dir='ltr'>Edd.</span> <span class='ocrx_word' id='word_1_181' title='bbox 316 1503 363 1535; x_wconf 89' lang='lat' dir='ltr'>M.</span> <span class='ocrx_word' id='word_1_182' title='bbox 392 1511 444 1534; x_wconf 67' lang='lat' dir='ltr'>”et</span> <span class='ocrx_word' id='word_1_183' title='bbox 469 1502 537 1546; x_wconf 77' lang='lat' dir='ltr'>ipsa</span> <span class='ocrx_word' id='word_1_184' title='bbox 561 1503 656 1536; x_wconf 79' lang='lat' dir='ltr'>hoc.«</span> 
     </span>
     <span class='ocr_line' id='line_1_24' title="bbox 144 1557 800 1602; baseline 0.003 -11"><span class='ocrx_word' id='word_1_185' title='bbox 144 1560 179 1601; x_wconf 83' lang='lat'>‘-&#39;)</span> <span class='ocrx_word' id='word_1_186' title='bbox 205 1559 336 1591; x_wconf 85' lang='lat' dir='ltr'>Coloss.</span> <span class='ocrx_word' id='word_1_187' title='bbox 363 1558 385 1596; x_wconf 83' lang='grc' dir='ltr'>Ι,</span> <span class='ocrx_word' id='word_1_188' title='bbox 412 1557 462 1592; x_wconf 79' lang='grc'>18.</span> <span class='ocrx_word' id='word_1_189' title='bbox 485 1558 561 1590; x_wconf 84' lang='lat' dir='ltr'>coll.</span> <span class='ocrx_word' id='word_1_190' title='bbox 586 1561 694 1602; x_wconf 83' lang='lat' dir='ltr'>Apoc.</span> <span class='ocrx_word' id='word_1_191' title='bbox 722 1561 746 1598; x_wconf 85' lang='lat' dir='ltr'>l,</span> <span class='ocrx_word' id='word_1_192' title='bbox 770 1561 800 1593; x_wconf 80' lang='grc'>5.</span> 
     </span>
    </p>
   </div>
   <div class='ocr_carea' id='block_1_5' title="bbox 51 1614 1175 1940">
    <p class='ocr_par' dir='ltr' id='par_1_7' title="bbox 52 1614 1175 1708">
     <span class='ocr_line' id='line_1_25' title="bbox 145 1614 1175 1659; baseline 0.005 -13"><span class='ocrx_word' id='word_1_193' title='bbox 145 1615 179 1659; x_wconf 83' lang='lat'>³)</span> <span class='ocrx_word' id='word_1_194' title='bbox 202 1615 364 1647; x_wconf 75' lang='lat' dir='ltr'>Desumta</span> <span class='ocrx_word' id='word_1_195' title='bbox 389 1622 465 1645; x_wconf 90' lang='lat' dir='ltr'>sunt</span> <span class='ocrx_word' id='word_1_196' title='bbox 491 1614 570 1646; x_wconf 79' lang='lat' dir='ltr'>haec</span> <span class='ocrx_word' id='word_1_197' title='bbox 595 1615 693 1647; x_wconf 75' lang='lat' dir='ltr'>verba</span> <span class='ocrx_word' id='word_1_198' title='bbox 719 1629 756 1647; x_wconf 81' lang='lat' dir='ltr'>ex</span> <span class='ocrx_word' id='word_1_199' title='bbox 783 1616 839 1649; x_wconf 82' lang='lat' dir='ltr'>lib.</span> <span class='ocrx_word' id='word_1_200' title='bbox 859 1617 900 1649; x_wconf 90' lang='grc' dir='ltr'>ΙΙ.</span> <span class='ocrx_word' id='word_1_201' title='bbox 926 1617 1017 1659; x_wconf 83' lang='lat' dir='ltr'>Orig.</span> <span class='ocrx_word' id='word_1_202' title='bbox 1044 1619 1085 1650; x_wconf 81' lang='lat' dir='ltr'>de</span> <span class='ocrx_word' id='word_1_203' title='bbox 1110 1619 1175 1651; x_wconf 83' lang='lat' dir='ltr'>Re-</span> 
     </span>
     <span class='ocr_line' id='line_1_26' title="bbox 52 1659 1114 1708; baseline 0.002 -15"><span class='ocrx_word' id='word_1_204' title='bbox 52 1659 269 1693; x_wconf 82' lang='lat' dir='ltr'>surrectione.</span> <span class='ocrx_word' id='word_1_205' title='bbox 317 1660 386 1693; x_wconf 72' lang='lat' dir='ltr'>(jfr.</span> <span class='ocrx_word' id='word_1_206' title='bbox 412 1660 462 1691; x_wconf 82' lang='lat' dir='ltr'>ed.</span> <span class='ocrx_word' id='word_1_207' title='bbox 489 1669 591 1694; x_wconf 81' lang='lat' dir='ltr'>nostr.</span> <span class='ocrx_word' id='word_1_208' title='bbox 615 1659 714 1694; x_wconf 79' lang='lat' dir='ltr'>Tum.</span> <span class='ocrx_word' id='word_1_209' title='bbox 739 1661 848 1695; x_wconf 78' lang='lat' dir='ltr'>xvll.</span> <span class='ocrx_word' id='word_1_210' title='bbox 872 1675 943 1705; x_wconf 76' lang='lat' dir='ltr'>pag.</span> <span class='ocrx_word' id='word_1_211' title='bbox 969 1664 1022 1697; x_wconf 74' lang='grc'>57.</span> <span class='ocrx_word' id='word_1_212' title='bbox 1046 1677 1114 1708; x_wconf 87' lang='lat' dir='ltr'>seq.</span> 
     </span>
    </p>

    <p class='ocr_par' dir='ltr' id='par_1_8' title="bbox 51 1714 1175 1839">
     <span class='ocr_line' id='line_1_27' title="bbox 142 1714 1175 1764; baseline 0.004 -16"><span class='ocrx_word' id='word_1_213' title='bbox 142 1716 176 1760; x_wconf 73' lang='lat'>⁴)</span> <span class='ocrx_word' id='word_1_214' title='bbox 204 1717 251 1748; x_wconf 80' lang='lat' dir='ltr'>lta</span> <span class='ocrx_word' id='word_1_215' title='bbox 276 1716 354 1748; x_wconf 86' lang='lat' dir='ltr'>Mss.</span> <span class='ocrx_word' id='word_1_216' title='bbox 379 1714 494 1747; x_wconf 81' lang='lat' dir='ltr'>nostri.</span> <span class='ocrx_word' id='word_1_217' title='bbox 545 1715 635 1747; x_wconf 78' lang='lat' dir='ltr'>Editi</span> <span class='ocrx_word' id='word_1_218' title='bbox 661 1728 740 1747; x_wconf 78' lang='lat' dir='ltr'>vero</span> <span class='ocrx_word' id='word_1_219' title='bbox 773 1717 817 1760; x_wconf 90' lang='lat' dir='ltr'>(v.</span> <span class='ocrx_word' id='word_1_220' title='bbox 845 1729 870 1748; x_wconf 87' lang='lat' dir='ltr'>c.</span> <span class='ocrx_word' id='word_1_221' title='bbox 896 1718 975 1750; x_wconf 71' lang='lat' dir='ltr'>edd.</span> <span class='ocrx_word' id='word_1_222' title='bbox 1000 1719 1065 1764; x_wconf 80' lang='grc' dir='ltr'>Μ.)</span> <span class='ocrx_word' id='word_1_223' title='bbox 1100 1733 1175 1764; x_wconf 76' lang='lat' dir='ltr'>per-</span> 
     </span>
     <span class='ocr_line' id='line_1_28' title="bbox 51 1759 1175 1806; baseline 0.004 -13"><span class='ocrx_word' id='word_1_224' title='bbox 51 1774 183 1806; x_wconf 84' lang='lat' dir='ltr'>peram:</span> <span class='ocrx_word' id='word_1_225' title='bbox 226 1762 345 1805; x_wconf 81' lang='lat' dir='ltr'>»quod</span> <span class='ocrx_word' id='word_1_226' title='bbox 383 1759 511 1792; x_wconf 81' lang='lat' dir='ltr'>etiamsi</span> <span class='ocrx_word' id='word_1_227' title='bbox 553 1770 749 1804; x_wconf 83' lang='lat' dir='ltr'>corruptum</span> <span class='ocrx_word' id='word_1_228' title='bbox 787 1761 887 1794; x_wconf 75' lang='lat' dir='ltr'>suerit</span> <span class='ocrx_word' id='word_1_229' title='bbox 921 1776 1023 1804; x_wconf 80' lang='lat' dir='ltr'>genus</span> <span class='ocrx_word' id='word_1_230' title='bbox 1059 1765 1175 1797; x_wconf 79' lang='lat' dir='ltr'>huma-</span> 
     </span>
     <span class='ocr_line' id='line_1_29' title="bbox 52 1806 229 1839; baseline 0.006 -1"><span class='ocrx_word' id='word_1_231' title='bbox 52 1819 162 1838; x_wconf 77' lang='lat' dir='ltr'>num.‹⁴</span> <span class='ocrx_word' id='word_1_232' title='bbox 188 1806 229 1839; x_wconf 82' lang='lat' dir='ltr'>R.</span> 
     </span>
    </p>

    <p class='ocr_par' dir='ltr' id='par_1_9' title="bbox 51 1860 1173 1940">
     <span class='ocr_line' id='line_1_30' title="bbox 143 1860 1173 1909; baseline 0.005 -16"><span class='ocrx_word' id='word_1_233' title='bbox 143 1862 176 1905; x_wconf 77' lang='lat'>⁵)</span> <span class='ocrx_word' id='word_1_234' title='bbox 202 1862 251 1893; x_wconf 75' lang='lat' dir='ltr'>lta</span> <span class='ocrx_word' id='word_1_235' title='bbox 274 1862 354 1894; x_wconf 79' lang='lat' dir='ltr'>Mss.</span> <span class='ocrx_word' id='word_1_236' title='bbox 379 1860 494 1893; x_wconf 84' lang='lat' dir='ltr'>nostri.</span> <span class='ocrx_word' id='word_1_237' title='bbox 537 1860 626 1893; x_wconf 81' lang='lat' dir='ltr'>Editi</span> <span class='ocrx_word' id='word_1_238' title='bbox 652 1874 730 1893; x_wconf 84' lang='lat' dir='ltr'>vero</span> <span class='ocrx_word' id='word_1_239' title='bbox 757 1863 802 1906; x_wconf 83' lang='lat' dir='ltr'>(v.</span> <span class='ocrx_word' id='word_1_240' title='bbox 829 1876 854 1898; x_wconf 78' lang='lat' dir='ltr'>c.</span> <span class='ocrx_word' id='word_1_241' title='bbox 880 1864 955 1897; x_wconf 89' lang='lat' dir='ltr'>edd.</span> <span class='ocrx_word' id='word_1_242' title='bbox 981 1865 1046 1909; x_wconf 84' lang='lat' dir='ltr'>M.)</span> <span class='ocrx_word' id='word_1_243' title='bbox 1073 1880 1173 1898; x_wconf 79' lang='lat' dir='ltr'>»con-</span> 
     </span>
     <span class='ocr_line' id='line_1_31' title="bbox 51 1907 316 1940; baseline 0 -1"><span class='ocrx_word' id='word_1_244' title='bbox 51 1916 248 1940; x_wconf 71' lang='lat' dir='ltr'>servatum«</span> <span class='ocrx_word' id='word_1_245' title='bbox 275 1907 316 1939; x_wconf 80' lang='lat' dir='ltr'>R.</span> 
     </span>
    </p>
   </div>
   <div class='ocr_carea' id='block_1_6' title="bbox 51 1961 1172 2051">
    <p class='ocr_par' dir='ltr' id='par_1_10' title="bbox 51 1961 1172 2051">
     <span class='ocr_line' id='line_1_32' title="bbox 143 1961 1172 2010; baseline 0.004 -16"><span class='ocrx_word' id='word_1_246' title='bbox 143 1963 176 2005; x_wconf 71' lang='grc' dir='ltr'>δ)</span> <span class='ocrx_word' id='word_1_247' title='bbox 200 1962 293 1994; x_wconf 84' lang='lat' dir='ltr'>Editi</span> <span class='ocrx_word' id='word_1_248' title='bbox 317 1962 364 2005; x_wconf 74' lang='grc' dir='ltr'>(ν.</span> <span class='ocrx_word' id='word_1_249' title='bbox 389 1973 417 1994; x_wconf 88' lang='lat' dir='ltr'>c.</span> <span class='ocrx_word' id='word_1_250' title='bbox 444 1961 519 1993; x_wconf 86' lang='lat' dir='ltr'>edd.</span> <span class='ocrx_word' id='word_1_251' title='bbox 544 1961 608 2005; x_wconf 82' lang='lat' dir='ltr'>M.)</span> <span class='ocrx_word' id='word_1_252' title='bbox 637 1963 697 1994; x_wconf 78' lang='lat' dir='ltr'>»ab</span> <span class='ocrx_word' id='word_1_253' title='bbox 723 1963 812 1994; x_wconf 84' lang='lat' dir='ltr'>omni</span> <span class='ocrx_word' id='word_1_254' title='bbox 842 1964 938 2002; x_wconf 63' lang='lat'>1000,</span> <span class='ocrx_word' id='word_1_255' title='bbox 963 1963 996 1996; x_wconf 82' lang='lat' dir='ltr'>in</span> <span class='ocrx_word' id='word_1_256' title='bbox 1022 1978 1172 2010; x_wconf 87' lang='lat' dir='ltr'>quocun-</span> 
     </span>
     <span class='ocr_line' id='line_1_33' title="bbox 51 2006 866 2051; baseline 0.001 -12"><span class='ocrx_word' id='word_1_257' title='bbox 51 2020 114 2051; x_wconf 82' lang='lat' dir='ltr'>que</span> <span class='ocrx_word' id='word_1_258' title='bbox 141 2007 251 2046; x_wconf 81' lang='lat' dir='ltr'>suerit,</span> <span class='ocrx_word' id='word_1_259' title='bbox 276 2006 339 2039; x_wconf 84' lang='lat' dir='ltr'>ita«</span> <span class='ocrx_word' id='word_1_260' title='bbox 367 2015 428 2039; x_wconf 84' lang='lat' dir='ltr'>etc.</span> <span class='ocrx_word' id='word_1_261' title='bbox 476 2007 556 2040; x_wconf 80' lang='lat' dir='ltr'>Mss.</span> <span class='ocrx_word' id='word_1_262' title='bbox 580 2016 617 2038; x_wconf 88' lang='lat' dir='ltr'>ut</span> <span class='ocrx_word' id='word_1_263' title='bbox 641 2007 674 2039; x_wconf 86' lang='lat' dir='ltr'>in</span> <span class='ocrx_word' id='word_1_264' title='bbox 699 2016 800 2040; x_wconf 73' lang='lat' dir='ltr'>textu.</span> <span class='ocrx_word' id='word_1_265' title='bbox 827 2009 866 2040; x_wconf 68' lang='lat'>1&#39;1.</span> 
     </span>
    </p>
   </div>
   <div class='ocr_carea' id='block_1_7' title="bbox 140 2061 609 2162">
    <p class='ocr_par' dir='ltr' id='par_1_11' title="bbox 140 2061 609 2162">
     <span class='ocr_line' id='line_1_34' title="bbox 140 2061 481 2107; baseline -0.012 -11"><span class='ocrx_word' id='word_1_266' title='bbox 140 2062 174 2106; x_wconf 73' lang='lat'>⁷)</span> <span class='ocrx_word' id='word_1_267' title='bbox 198 2064 304 2107; x_wconf 88' lang='lat' dir='ltr'>Apoc.</span> <span class='ocrx_word' id='word_1_268' title='bbox 328 2061 404 2100; x_wconf 86' lang='lat' dir='ltr'>XX,</span> <span class='ocrx_word' id='word_1_269' title='bbox 431 2061 481 2096; x_wconf 82' lang='lat'>13.</span> 
     </span>
     <span class='ocr_line' id='line_1_35' title="bbox 141 2117 609 2162; baseline -0.006 -11"><span class='ocrx_word' id='word_1_270' title='bbox 141 2119 176 2162; x_wconf 77' lang='grc'>8)</span> <span class='ocrx_word' id='word_1_271' title='bbox 198 2118 261 2151; x_wconf 86' lang='lat' dir='ltr'>Ed.</span> <span class='ocrx_word' id='word_1_272' title='bbox 286 2117 408 2151; x_wconf 80' lang='lat' dir='ltr'>Ruaei:</span> <span class='ocrx_word' id='word_1_273' title='bbox 435 2117 609 2150; x_wconf 57' lang='lat' dir='ltr'>»inferus«</span> 
     </span>
    </p>
   </div>
   <div class='ocr_carea' id='block_1_8' title="bbox 48 2174 1170 2265">
    <p class='ocr_par' dir='ltr' id='par_1_12' title="bbox 48 2174 1170 2265">
     <span class='ocr_line' id='line_1_36' title="bbox 141 2174 1170 2219; baseline 0.006 -13"><span class='ocrx_word' id='word_1_274' title='bbox 141 2174 174 2217; x_wconf 78' lang='lat'>⁹)</span> <span class='ocrx_word' id='word_1_275' title='bbox 199 2174 289 2206; x_wconf 84' lang='lat' dir='ltr'>Editi</span> <span class='ocrx_word' id='word_1_276' title='bbox 314 2175 362 2218; x_wconf 91' lang='lat' dir='ltr'>(v.</span> <span class='ocrx_word' id='word_1_277' title='bbox 390 2187 416 2208; x_wconf 87' lang='lat' dir='ltr'>c.</span> <span class='ocrx_word' id='word_1_278' title='bbox 441 2174 515 2207; x_wconf 75' lang='lat' dir='ltr'>edd.</span> <span class='ocrx_word' id='word_1_279' title='bbox 545 2175 607 2218; x_wconf 80' lang='grc' dir='ltr'>Μ.)</span> <span class='ocrx_word' id='word_1_280' title='bbox 633 2187 826 2219; x_wconf 80' lang='lat' dir='ltr'>perperam:</span> <span class='ocrx_word' id='word_1_281' title='bbox 863 2177 1030 2209; x_wconf 64' lang='lat' dir='ltr'>„infernus</span> <span class='ocrx_word' id='word_1_282' title='bbox 1060 2188 1170 2212; x_wconf 75' lang='lat' dir='ltr'>autem</span> 
     </span>
     <span class='ocr_line' id='line_1_37' title="bbox 48 2221 1170 2265; baseline 0.003 -15"><span class='ocrx_word' id='word_1_283' title='bbox 48 2232 109 2262; x_wconf 91' lang='lat' dir='ltr'>pro</span> <span class='ocrx_word' id='word_1_284' title='bbox 135 2224 220 2258; x_wconf 60' lang='lat' dir='ltr'>affre,</span> <span class='ocrx_word' id='word_1_285' title='bbox 245 2232 334 2252; x_wconf 86' lang='lat' dir='ltr'>mors</span> <span class='ocrx_word' id='word_1_286' title='bbox 361 2231 439 2250; x_wconf 70' lang='lat' dir='ltr'>vero</span> <span class='ocrx_word' id='word_1_287' title='bbox 465 2232 526 2263; x_wconf 86' lang='lat' dir='ltr'>pro</span> <span class='ocrx_word' id='word_1_288' title='bbox 554 2228 657 2258; x_wconf 75' lang='lat' dir='ltr'>terra,</span> <span class='ocrx_word' id='word_1_289' title='bbox 689 2221 780 2264; x_wconf 77' lang='lat' dir='ltr'>quasi</span> <span class='ocrx_word' id='word_1_290' title='bbox 806 2222 969 2265; x_wconf 69' lang='lat' dir='ltr'>quandam</span> <span class='ocrx_word' id='word_1_291' title='bbox 997 2225 1170 2265; x_wconf 72' lang='lat' dir='ltr'>rognatio-</span> 
     </span>
    </p>
   </div>
  </div>
 </body>
</html>
