1422 2472
378 108 695 144 omezmnoaum
717 109 833 143 Luum
856 108 918 142 111.
1152 107 1216 145 157

165 197 263 231 Nunc
293 209 374 231 vero
408 200 622 244 probandum
647 209 716 240 est,
740 212 919 246 perperam
943 198 1045 232 fuisse
1069 198 1157 232 illud
1180 199 1216 234 in

75 258 245 293 Humilias
271 260 508 303 distributum,
544 272 578 296 et
608 271 740 308 partem
774 274 845 295 esse
869 261 1060 295 Tomomm
1085 262 1215 303 decem,

74 335 159 367 quos
184 321 218 355 in
244 322 420 357 Canticum
444 323 615 369 scripsisse
646 334 863 359 memoratur.
910 325 1120 367 Argumento
1144 324 1216 369 pri-

73 396 169 418 mum
193 385 288 418 stilus
314 394 373 429 est,
400 400 502 432 quem
526 386 631 420 alium
656 399 726 420 esse
749 387 784 420 in
810 386 940 430 Tomis,
966 386 1071 420 alium
1093 385 1130 420 in
1143 386 1216 420 Ho-

74 446 179 480 miliis
202 446 322 489 sciunt,
346 447 405 493 qui
428 448 463 481 in
496 448 653 491 Origenis
683 449 832 482 lectione
864 448 985 482 versati
1014 458 1102 482 sunt.
1148 449 1216 482 Sti-

76 510 128 542 lus
153 510 380 544 Homileticus
404 510 579 544 familiaris
604 521 674 554 est,
698 511 852 557 simplex,
877 511 1064 557 popularis,
1086 511 1217 554 hrevis3

78 572 163 605 alter
183 572 355 614 sublimis,
380 573 541 615 diffusus,
575 574 743 615 curiosus,
776 574 938 607 eruditus.
986 573 1078 606 Talis
1103 583 1215 607 autem

76 634 217 679 scriptio
241 634 277 668 in
304 635 493 678 Canticum,
518 637 560 670 de
585 651 651 683 qua
672 649 724 670 res
751 646 808 671 est.
850 636 1026 680 Quorsum
1044 645 1217 681 praeterea

75 695 246 739 Prologus
277 696 362 731 ille?
400 697 570 742 Prologus
602 699 722 733 Tomis
754 712 927 745 nunquam
961 712 1032 732 non
1061 699 1217 744 praefigit

79 758 262 802 Origenes;
284 772 458 806 nunquam
481 761 652 796 Homiliis.
699 762 881 796 Postremo
904 761 1036 796 solenni
1048 762 1111 795 hac
1126 762 1217 796 clau-

77 821 150 855 sula
174 821 332 865 Origenis
356 823 528 858 Homiliae
553 825 625 858 fere
648 825 823 859 terminari
846 825 969 866 solent,
994 834 1032 858 ut
1048 825 1100 859 vix
1113 838 1216 858 unam

80 885 262 918 alteramve
294 886 337 919 ab
361 886 427 920 hoc
450 900 546 920 more
579 887 825 933 discrepantem
854 888 1020 934 reperiaS,
1056 889 1096 924 ἓν
1121 892 1218 933 Χρι-

79 949 152 993 στῷ
174 947 303 993 Ἰησοῦ,
331 942 360 994 ᾧ
387 950 485 985 ἐστιν
507 949 528 994 ἡ
555 948 668 995 δόξα,
701 953 763 986 καὶ
787 949 825 986 τὸ
851 948 983 997 κράτος
1009 953 1058 990 εἷς
1082 953 1218 990 αἰῶνας

79 1011 152 1045 τῶν
176 1008 336 1046 αἰώνων·
364 1011 556 1058 cujusmodi
579 1012 666 1046 nihil
689 1013 724 1046 in
757 1011 1016 1058 ψευδωνύμως
1047 1014 1115 1047 illis
1140 1013 1217 1048 Ori-

81 1072 172 1114 genis
196 1072 358 1106 Homiliis
383 1075 541 1109 occurrit.
581 1075 728 1108 Blinime
753 1089 832 1118 ergo
849 1077 1022 1110 Homiliae
1046 1086 1134 1117 sunt,
1158 1077 1217 1110 sed

81 1134 195 1168 Tomi.
243 1135 385 1181 Optime
409 1137 608 1170 Vincentius
638 1138 890 1172 Bellovacensis
914 1139 1055 1184 Speculi
1078 1139 1219 1172 Doctri-

81 1197 165 1230 nalis
195 1197 253 1231 lib.
287 1197 341 1233 18.
376 1212 447 1244 cap.
479 1199 535 1234 43.
589 1199 869 1242 origenianarum
899 1201 1126 1246 scriptionum
1156 1214 1219 1233 nu-

82 1273 215 1293 merum
240 1269 432 1304 contexens,
457 1262 603 1295 emisisse
628 1263 870 1297 Adamantium
902 1266 950 1297 ait
974 1264 1009 1297 in
1042 1263 1220 1297 Canticum

83 1322 252 1356 Homilias
276 1324 377 1366 duas3
412 1324 447 1356 in
477 1324 686 1370 principium
718 1338 799 1359 vero
833 1326 914 1359 libri
940 1325 1090 1372 ejusdem
1114 1325 1220 1359 libros

82 1393 160 1419 tres.
206 1385 280 1419 Nec
301 1385 430 1431 patitur
461 1385 584 1432 Operis
617 1388 802 1430 granditas,
831 1398 870 1422 ut
892 1398 1024 1434 partem
1050 1402 1124 1422 eam
1149 1400 1220 1422 esse

83 1456 241 1492 putemus
265 1447 362 1493 parvi
385 1447 501 1491 Tomi,
524 1462 625 1495 quem
649 1449 780 1496 juvenis
804 1451 841 1484 in
866 1451 1044 1485 Canticum
1069 1452 1222 1486 elabora-

84 1508 150 1543 vit:
182 1523 259 1543 cum
296 1511 495 1556 praesertim
532 1513 759 1555 fragmentum
789 1513 877 1547 illud
908 1528 926 1547 e
957 1528 1062 1560 parvo
1096 1515 1221 1555 Tomo,

84 1572 177 1616 quod
201 1572 410 1607 Philocaliae
435 1574 544 1619 capite
568 1577 715 1621 septimo
741 1576 932 1618 adducitur,
955 1577 990 1610 in
1008 1577 1058 1610 his
1076 1587 1222 1622 quatuor

82 1633 258 1677 Homiliis,
281 1636 336 1668 vel
360 1635 512 1679 Prologo
537 1651 702 1684 nusquam
736 1648 857 1673 exstet:
892 1648 926 1672 at
955 1639 1043 1672 illud
1067 1640 1222 1680 alterum,

86 1696 179 1740 quod
204 1696 313 1741 capite
337 1697 500 1740 vigesimo
525 1710 618 1734 sexto
642 1701 851 1736 philocaliae
883 1715 922 1735 ex
946 1702 1096 1735 secundo
1121 1715 1140 1734 e
1164 1702 1223 1734 de-

87 1769 160 1790 cem
184 1757 304 1792 Tomis
328 1759 549 1805 depromtum
573 1772 638 1803 est,
671 1763 706 1796 in
738 1764 892 1797 Homilia
922 1765 1069 1799 secunda
1093 1777 1132 1797 ex
1155 1764 1222 1797 illis

86 1828 233 1865 quatuor
254 1821 454 1868 reperiatur.
502 1824 724 1870 Quapropter
747 1826 930 1861 verisimile
963 1837 1029 1869 est,
1059 1837 1126 1861 tres
1151 1827 1224 1860 Ho-

86 1881 196 1915 milias
219 1882 350 1928 priores
374 1884 466 1930 ipsos
490 1900 560 1920 esse
584 1888 716 1933 priores
749 1889 880 1923 Tomos
902 1898 984 1934 tres3
1016 1900 1224 1936 postremam

87 1955 181 1985 vero,
206 1946 317 1990 quarti
340 1957 490 1992 partem3
515 1951 607 1995 quod
633 1960 666 1984 et
690 1964 730 1984 ex
754 1964 873 1985 eorum
903 1952 1098 1998 prolixitate
1125 1952 1226 1987 aesti-

88 2016 179 2038 mare
202 2005 292 2041 licet.
337 2008 495 2056 Denique
519 2011 555 2045 in
580 2025 620 2046 eo
647 2013 763 2059 Opere
787 2014 902 2048 laudat
922 2014 1088 2058 Origenes
1110 2014 1226 2060 Expo-

91 2065 229 2101 sitiones
252 2081 326 2103 suas
349 2070 385 2104 in
407 2071 583 2115 Exodum,
614 2075 650 2109 in
673 2074 882 2118 Leviticum,
912 2077 949 2111 in
973 2078 1160 2117 Numeros,
1191 2084 1225 2108 et

92 2126 126 2178 in
151 2128 276 2171 Josue,
307 2144 386 2177 quas
418 2134 598 2179 probabile
628 2148 697 2170 non
723 2146 772 2171 est
796 2137 863 2184 jam
886 2148 959 2173 tum
983 2139 1085 2173 fuisse
1110 2138 1225 2171 elabo-

91 2198 189 2232 ratas,
214 2203 290 2224 cum
314 2204 454 2237 parvum
480 2195 629 2231 Tomum
661 2198 696 2232 in
730 2198 910 2234 Canticum
939 2201 1139 2242 moliretur,
1173 2209 1227 2234 ut—

93 2260 175 2295 pote
201 2263 300 2296 quem
325 2254 434 2288 adhue
457 2256 586 2302 juvenis
619 2261 830 2306 composuit;
862 2271 894 2295 at
924 2261 1089 2296 maturior
1116 2271 1225 2296 aetate

94 2312 136 2345 ad
167 2313 285 2346 decem
317 2311 447 2350 Temo·
478 2318 726 2354 concinnandas
764 2322 910 2356 accessit.
967 2322 1082 2370 objici
1112 2331 1225 2370 potest
