1413 2482
229 94 297 132 270
508 93 550 129 In
578 95 735 129 Aroma.
761 93 894 129 Schrl
917 93 1098 129 Pammu

230 199 300 220 esse
319 185 538 232 opusculum,
565 185 622 231 qui
647 198 703 219 sex
720 186 886 219 librorum
904 185 1014 230 capite
1031 185 1240 226 detruncato,
1259 194 1370 219 cetera

228 250 380 283 membra
406 248 585 282 sociarit:«
622 262 692 282 non
721 249 767 282 ita
792 249 1030 294 accipiendum
1063 257 1132 289 est,
1162 248 1254 294 quasi
1287 248 1370 282 velit

227 311 435 356 Apologiam
466 324 530 356 pro
557 306 706 355 Origene
737 325 755 345 a
778 312 905 345 Rufino
941 312 1002 345 sub
1034 310 1173 344 nomine
1196 310 1369 357 Pamphili

228 375 371 416 editam,
401 387 520 408 revera
554 387 623 408 esse
649 375 810 421 Did)·mi;
841 375 900 408 sed
935 374 1171 420 explicandum
1201 373 1290 408 istud
1322 384 1370 408 est

229 450 268 470 ex
298 437 366 470 alio
403 437 482 471 loco
519 451 620 484 supra
649 438 753 472 allato
780 450 798 471 e
824 438 882 472 lib.
900 437 962 471 Ill.
989 437 1179 484 Apologiae
1213 438 1369 471 adversus

226 499 407 542 Rufinum,
439 500 499 534 uhi
524 511 707 548 postquam
741 500 842 534 dixit:
893 500 1046 535 »Postea
1068 514 1151 535 vero
1182 514 1245 547 per
1268 501 1371 535 inter-

225 563 455 609 pretationem
489 574 582 599 tuam
607 564 805 611 quaestione
831 573 947 598 contra
972 563 1157 608 Origenem
1182 573 1259 598 toto
1285 565 1367 598 orbe

226 636 419 669 commota,
452 627 486 661 in
512 628 712 674 quaerendis
737 626 989 674 exemplaribus
1014 627 1212 672 diligentior
1234 626 1303 669 sui,
1337 637 1370 661 et

225 689 260 724 in
294 691 502 725 Caesariensi
533 691 748 725 Bibliotheca
784 691 924 724 Eusebii
959 704 1014 726 sex
1050 690 1225 726 volumina
1258 691 1371 737 reperi

223 753 434 801 ἀπολογίας
459 753 552 801 ὑπὲρ
574 754 790 801 Ὡριγένος.,
807 754 903 798 Quae
929 768 1005 789 cum
1030 754 1196 798 legissem,
1219 754 1369 801 primum

229 831 305 851 eum
333 818 459 852 librum
485 817 703 864 deprehendi,
729 830 830 864 quem
856 827 892 851 tu
917 818 1009 852 solus
1033 819 1095 852 sub
1119 817 1259 852 nornine
1277 817 1369 852 Mar-

223 881 305 929 tyris
331 881 487 923 edidisti,
519 882 561 914 de
586 881 681 915 Filio
716 890 748 914 et
773 880 905 926 Spiritu
936 891 1050 916 sancto
1081 881 1115 916 in
1140 882 1265 915 bonam
1289 893 1367 927 par-

223 952 293 977 tem
317 944 491 990 plerisque
515 943 735 990 blasphemiis
761 945 1024 978 commun-unm
1051 943 1164 978 addit:
1207 943 1278 978 »Et
1302 944 1367 977 hoc

222 1007 278 1039 vel
310 1007 517 1054 Didymum,
553 1007 609 1040 vel
641 1017 696 1049 te,
732 1008 788 1041 vel
820 1008 923 1041 alium
955 1007 1075 1041 secisse
1105 1007 1221 1041 nescio
1255 1020 1366 1052 quem,

223 1070 317 1115 quod
342 1079 379 1102 tu
404 1070 612 1115 apertissime
638 1070 672 1103 in
698 1070 792 1103 libris
818 1072 903 1117 περὶ
929 1069 1053 1116 ἀρχῶν
1083 1069 1202 1103 secisse
1227 1069 1367 1103 convin-

223 1133 347 1167 ceris.«
395 1133 436 1165 Id
467 1145 546 1175 ergo
578 1146 683 1166 unum
717 1133 900 1179 utrobique
932 1133 996 1167 sibi
1029 1133 1102 1166 vult
1126 1132 1366 1179 Hieronymus,

222 1196 278 1229 vel
301 1195 510 1243 Didymum,
541 1196 595 1229 vel
619 1196 800 1238 Rufinum,
834 1197 889 1230 vel
922 1196 1026 1230 alium
1057 1195 1173 1231 nescio
1199 1208 1301 1241 quem
1330 1195 1364 1229 in

221 1260 348 1293 bonam
379 1268 512 1305 partem
536 1268 604 1293 tam
629 1259 758 1293 Graece
793 1272 894 1305 quam
918 1259 1035 1293 Latine
1067 1259 1245 1305 plerasque
1276 1258 1365 1292 blas-

220 1322 373 1368 phemias
398 1332 640 1363 commutasse,
667 1336 751 1369 quae
775 1322 809 1356 in
827 1322 968 1356 Eusebii
991 1332 1086 1357 textu
1112 1322 1363 1368 comparebant.

222 1385 328 1430 Quod
351 1395 467 1420 utrum
491 1385 674 1419 verisimile
698 1386 757 1428 sit,
781 1399 860 1419 mox
885 1385 1042 1428 indagare
1068 1386 1282 1420 tentabimus.

311 1449 368 1484 lV.
408 1449 485 1483 Jam
509 1462 591 1482 vero
624 1458 663 1483 ut
694 1450 818 1494 probet
843 1449 1072 1497 Hieronymus
1098 1449 1363 1496 Apologeticurn

218 1510 321 1546 istum
352 1511 509 1545 libellum
542 1524 606 1557 pro
640 1511 806 1555 Origene,
838 1525 907 1546 non
939 1511 1130 1558 Pamphili,
1165 1513 1226 1546 sed
1257 1512 1362 1546 solius

218 1574 361 1608 Eusebii
385 1588 466 1616 esse,
489 1575 572 1609 haec
597 1584 675 1608 suut
699 1574 997 1621 ejusargumenta.
1057 1575 1084 1609 I.
1111 1575 1170 1609 »Si
1185 1575 1248 1609 iste
1263 1574 1362 1608 Pam-

218 1638 306 1683 phili
333 1638 423 1671 liber
456 1647 524 1678 est,
555 1637 668 1683 inquit
699 1638 758 1673 lib.
783 1640 808 1673 Ι.
840 1639 989 1684 Apolog.
1025 1639 1153 1672 advers.
1186 1637 1360 1678 Rufinum,

221 1700 263 1732 de
288 1713 344 1733 sex
369 1700 464 1734 libris
491 1701 565 1746 quis
590 1701 653 1735 erit
676 1701 805 1747 primus
827 1700 1011 1735 Eusebii?«
1059 1700 1251 1746 Responsio
1278 1701 1360 1735 saci-

219 1762 260 1796 lis
286 1772 344 1797 est.
392 1763 468 1797 Erit
493 1764 622 1810 primus
646 1764 816 1810 Pamphili
840 1764 941 1798 simul
968 1773 1000 1797 et
1023 1763 1173 1797 Eusebii.
1222 1764 1266 1799 Il.
1303 1764 1358 1797 In-

215 1834 280 1860 stat
305 1826 445 1860 ibidem.
495 1827 559 1860 »ln
595 1827 671 1873 ipso
696 1827 893 1868 volumine,
927 1826 1021 1872 quod
1052 1835 1089 1860 tu
1114 1825 1286 1872 Pamphili
1315 1826 1358 1860 si-

213 1889 334 1928 mulas,
359 1889 571 1934 sequentium
598 1890 765 1924 librorum
784 1890 872 1923 sacta
895 1888 1023 1922 mentio
1050 1898 1108 1923 est.
1142 1890 1182 1923 In
1206 1890 1355 1923 secundo

217 1965 354 1998 quoque
386 1961 420 1985 et
452 1952 590 1998 reliquis
620 1953 703 1986 dicit
729 1951 912 1992 Eusebius,
942 1952 1035 1997 quod
1069 1951 1102 1985 in
1126 1951 1239 1997 primo
1265 1952 1354 1985 libro

215 2025 312 2049 antea
349 2014 497 2056 dixerat,
541 2025 574 2049 ct
611 2016 705 2061 quod
741 2015 859 2048 eadem
896 2025 1050 2060 repetere
1087 2028 1158 2049 non
1193 2015 1352 2049 debeat«

215 2077 348 2112 Nullibi
373 2078 407 2112 in
430 2078 519 2112 libro
542 2078 655 2124 primo
683 2078 723 2111 de
750 2078 868 2111 ceteris
893 2079 1104 2112 mentionem
1126 2077 1201 2111 fieri
1225 2077 1354 2123 reperi-

214 2152 305 2175 mus:
345 2140 405 2176 sed
442 2150 513 2175 esto
554 2141 588 2174 in
625 2141 758 2174 Graeco
799 2142 887 2187 sacta
924 2141 1046 2183 fuerit,
1087 2140 1168 2187 quid
1203 2140 1354 2177 mirum?

213 2204 346 2250 Nempe
383 2203 530 2251 quinque
561 2203 692 2249 priores
728 2217 746 2237 a
779 2204 962 2250 Pamphilo
998 2203 1099 2237 simul
1134 2212 1169 2236 et
1201 2203 1349 2237 Eusebio

215 2267 340 2300 collata
366 2280 470 2313 opera
490 2268 623 2300 fuerant
648 2267 823 2302 elaborati.
871 2266 929 2301 lll.
962 2266 1076 2309 Pergit
1101 2266 1247 2300 ibidem:
1284 2266 1348 2299 »Si
1379 2258 1383 2261 Δ

213 2338 324 2363 totum
349 2343 435 2375 opus
462 2330 630 2376 Pamphili
656 2339 722 2372 est,
755 2343 813 2362 cur
838 2329 988 2374 reliquos
1023 2329 1127 2363 libros
1151 2341 1219 2362 nou
1244 2338 1348 2362 trans-
