1413 2482
182 66 247 102 122
521 66 631 99 Periu
656 65 829 99 Das-mus
853 64 987 99 Hom-n

181 157 232 188 vir
266 154 478 200 (Origenes)
512 153 545 186 in
580 154 760 199 epistolam
791 154 890 187 Pauli
928 156 969 188 ad
1001 154 1138 188 Galatas
1175 155 1324 201 quinque

179 217 320 264 propria
344 215 528 256 volumina,
553 224 587 248 et
611 215 782 249 decimum
799 216 1011 250 stromatum
1035 229 1176 251 suorum
1199 217 1325 252 librum

180 279 384 314 commatico
417 290 520 324 super
556 277 793 323 explanatione
827 277 898 325 ejus
928 291 1085 312 sermone
1117 279 1321 326 complevit:

179 344 355 376 Tractatus
382 352 520 386 quoque
545 339 667 381 varios,
693 350 726 374 et
748 340 936 386 Excerpta‚
961 353 1047 387 quae
1070 340 1127 374 vel
1149 341 1222 376 sola
1244 354 1327 388 pos-

177 405 244 438 sint
268 404 444 445 sufficere,
471 402 699 448 composuit,«
748 403 880 449 Nempe
905 403 1057 444 Tomos,
1081 402 1268 445 Romilias,
1292 413 1327 437 et

178 465 320 501 Scholia
343 464 508 508 significat
531 477 594 510 per
618 464 768 510 quinque
792 464 854 498 illa
878 464 1064 506 volumina,
1089 473 1122 498 et
1138 464 1327 507 Tractatns,

179 538 213 562 et
237 527 490 562 Commaticum
513 539 718 569 sermonem,
742 540 780 561 ac
796 527 978 573 Excerpta.
1027 525 1221 562 Concludat
1245 540 1326 562 vero

178 590 322 625 forsitan
354 603 394 624 ex
423 590 489 624 hoc
517 590 596 623 loco
622 590 763 636 aliquis,
796 589 983 636 Emer-pta,
1014 600 1048 624 et
1073 589 1327 625 Commaticum

179 666 372 688 sermonem
396 665 448 686 res
466 664 536 685 esse
554 651 718 686 diversas:
744 652 803 685 sed
827 653 970 696 frustra;
994 651 1030 687 id
1054 652 1145 687 enim
1170 652 1236 687 sibi
1253 653 1328 687 vult

179 717 428 763 Hieronymus,
459 714 524 748 alia
555 714 590 748 in
614 710 785 748 decimum
810 715 1024 749 stromatum
1055 714 1182 750 librum
1205 715 1331 750 inserta

180 793 250 812 esse
268 778 418 819 Scholia,
443 777 509 810 alia
532 790 686 811 seorsum
711 777 882 811 elaborata
909 788 941 825 et
966 777 1144 824 descripta.
1181 777 1330 812 Fallitur

179 843 349 883 Erasmus,
374 854 449 874 cum
465 839 633 873 Homilias
659 840 734 873 illas
759 850 850 874 recte
869 841 937 875 dici
962 850 1061 887 putat
1080 841 1328 888 »Colloquia3«

179 918 250 939 non
281 904 372 938 enim
406 903 569 946 Origenes
603 916 680 935 cum
712 903 924 937 auditoribus
957 904 1240 949 colloquebatur,
1269 905 1329 937 sed

180 967 353 1001 auditores
396 966 656 1011 alloquebatur;
704 978 742 998 ac
769 966 929 1011 proinde
972 965 1094 1000 melius
1136 966 1331 1000 dicerentur

181 1029 400 1075 »Alloquia.«
450 1029 488 1061 In
512 1027 552 1061 iis
576 1027 732 1073 phaleras
757 1037 790 1061 et
814 1028 962 1062 oratoria
990 1028 1162 1075 pigmenta
1183 1029 1330 1072 neglexit

180 1091 422 1133 Adamantiu33
445 1090 587 1136 planum
600 1103 695 1131 vero,
719 1090 897 1134 familiare,
923 1104 961 1124 ac
977 1091 1134 1137 simplex,
1149 1105 1213 1126 nec
1230 1093 1328 1126 valde

180 1153 365 1200 prolixum,
390 1153 490 1199 quale
514 1152 647 1187 facilius
663 1153 839 1198 patiuntur
855 1153 1040 1196 Homiliae,
1067 1153 1203 1188 dicendi
1226 1167 1329 1198 genus

180 1225 380 1263 persecutus
407 1225 467 1250 est.

274 1279 379 1313 Tomi
411 1279 504 1313 idem
534 1287 610 1312 sunt
636 1292 721 1325 quae
756 1287 789 1312 et
809 1277 1021 1325 Ἐξηγητικά
1055 1279 1196 1324 proprie
1227 1279 1326 1315 dicta.

180 1344 268 1376 Nam
293 1341 444 1387 quamvis
468 1342 533 1375 hoc
550 1341 690 1375 nornine
715 1341 806 1374 affici
821 1341 964 1387 possint,
989 1353 1209 1387 quaecunque
1226 1341 1330 1375 inter-

179 1403 381 1451 pretationis
405 1403 479 1437 vice
503 1405 706 1447 funguntur;
741 1413 841 1449 atque
866 1404 913 1437 ita
945 1416 1015 1437 non
1046 1404 1090 1437 ad
1113 1404 1244 1438 Tomos
1275 1418 1330 1438 so-

181 1468 272 1509 lum,
306 1467 366 1501 sed
390 1476 423 1500 et
447 1467 490 1500 ad
513 1466 682 1502 Homilias
707 1466 824 1507 etiam,
859 1476 892 1500 et
916 1466 1055 1500 Scholia
1078 1467 1199 1501 referri
1220 1467 1329 1513 possit

182 1543 220 1564 ea
244 1544 320 1571 vox,
344 1530 508 1576 illamque
534 1529 677 1563 editioni
701 1539 848 1570 nostrae,
874 1542 959 1575 quae
974 1529 1094 1563 Tomis
1120 1539 1153 1563 et
1165 1530 1328 1565 Homiliis

182 1602 329 1634 constat,
352 1593 622 1639 praefixerimus:
648 1592 870 1626 nihilominus
893 1601 1007 1626 tamen
1031 1593 1074 1626 ad
1098 1593 1230 1626 Tomos
1252 1607 1330 1640 spe·

181 1657 295 1690 ciatim
321 1667 353 1690 ct
377 1658 517 1704 proprie
542 1657 709 1704 pertinet,
740 1656 848 1701 iisque
880 1668 1051 1701 nunquam
1082 1668 1152 1690 non
1184 1656 1219 1689 in
1243 1657 1329 1691 anti-

181 1720 253 1765 quis
285 1721 471 1755 Codicibus
502 1721 671 1755 tribuitur.
719 1718 998 1765 Explicationum
1033 1719 1139 1752 libros
1174 1719 1325 1766 appellat

180 1783 322 1816 Rufinus
347 1784 380 1818 in
405 1785 558 1827 Prologo
583 1782 874 1829 interpretationis
896 1781 1229 1816 Commentariorum
1245 1782 1326 1816 Ori-

180 1845 273 1889 genis
297 1846 332 1880 in
357 1848 536 1881 Numeros.
583 1848 622 1881 In
653 1847 694 1879 iis
719 1846 882 1889 Origenes
907 1845 1074 1879 Hebraica
1097 1844 1237 1879 veritate
1269 1846 1327 1879 sti-

180 1919 290 1956 patus,
315 1919 348 1942 et
371 1923 512 1944 suorum
537 1910 763 1944 circumdatus
783 1909 983 1952 agminibus,
1007 1907 1203 1954 peregrinae
1220 1908 1327 1942 inter·

183 1973 265 2006 dum
296 1972 428 2016 linguae
461 1974 643 2018 quaerebat
674 1972 811 2013 auxilia,
843 1980 882 2005 ut
910 1970 1015 2005 tradit
1037 1970 1267 2018 Hieronymus
1290 1971 1327 2005 in

182 2034 343 2069 Prooem.
369 2044 496 2081 quaest.
521 2035 784 2068 Hebraicarum:
822 2034 858 2067 in
889 2033 1051 2067 Homiliis
1083 2043 1197 2068 autem
1221 2034 1325 2069 Com-

183 2104 322 2132 munem
347 2098 534 2132 editionem
556 2099 770 2144 sequebatur,
793 2106 831 2130 ut
855 2096 1030 2142 superiore
1055 2097 1206 2131 sectione
1229 2091 1326 2132 nota-

184 2171 256 2195 tum
283 2171 343 2195 est.

275 2230 332 2263 IV,
360 2224 658 2274 Interpretationes
686 2234 859 2271 praeterea
880 2223 1035 2268 Origenis
1061 2224 1233 2271 quasdam,
1256 2234 1324 2268 ση-

184 2290 350 2341 μειώσεις
374 2291 559 2343 appellatas
583 2289 730 2340 reperio.
764 2289 888 2325 Utrum
901 2288 1060 2334 scholiis,
1083 2301 1126 2323 an
1137 2285 1324 2333 Exegeticis
