<?xml version="1.0" encoding="UTF-8"?>
<!DOCTYPE html PUBLIC "-//W3C//DTD XHTML 1.0 Transitional//EN"
    "http://www.w3.org/TR/xhtml1/DTD/xhtml1-transitional.dtd">
<html xmlns="http://www.w3.org/1999/xhtml" xml:lang="en" lang="en">
 <head>
  <title>
</title>
<meta http-equiv="Content-Type" content="text/html;charset=utf-8" />
  <meta name='ocr-system' content='tesseract 3.04.00' />
  <meta name='ocr-capabilities' content='ocr_page ocr_carea ocr_par ocr_line ocrx_word'/>
</head>
<body>
  <div class='ocr_page' id='page_1' title='image "./operaomniaquaegr24orig/operaomniaquaegr24orig_0117.png"; bbox 0 0 1422 2472; ppageno 0'>
   <div class='ocr_carea' id='block_1_1' title="bbox 338 84 1163 122">
    <p class='ocr_par' dir='ltr' id='par_1_1' title="bbox 338 84 1163 122">
     <span class='ocr_line' id='line_1_1' title="bbox 338 84 1163 122; baseline -0.004 0"><span class='ocrx_word' id='word_1_1' title='bbox 338 89 650 122; x_wconf 62' lang='lat' dir='ltr'>Onffisstx&#39;msoncm</span> <span class='ocrx_word' id='word_1_2' title='bbox 678 86 788 119; x_wconf 69' lang='lat' dir='ltr'><strong>Lmen</strong></span> <span class='ocrx_word' id='word_1_3' title='bbox 804 85 847 118; x_wconf 80' lang='grc' dir='ltr'>ΙΙ.</span> <span class='ocrx_word' id='word_1_4' title='bbox 1100 84 1163 119; x_wconf 82' lang='grc'>105</span> 
     </span>
    </p>
   </div>
   <div class='ocr_carea' id='block_1_2' title="bbox 28 173 1174 1153">
    <p class='ocr_par' dir='ltr' id='par_1_2' title="bbox 28 173 1174 1153">
     <span class='ocr_line' id='line_1_2' title="bbox 28 173 1161 223; baseline -0.005 -12"><span class='ocrx_word' id='word_1_5' title='bbox 28 180 122 213; x_wconf 80' lang='lat' dir='ltr'>vinus</span> <span class='ocrx_word' id='word_1_6' title='bbox 147 180 179 212; x_wconf 88' lang='lat' dir='ltr'>in</span> <span class='ocrx_word' id='word_1_7' title='bbox 206 180 330 223; x_wconf 59' lang='lat' dir='ltr'>App-nu</span> <span class='ocrx_word' id='word_1_8' title='bbox 356 190 448 216; x_wconf 58' lang='lat' dir='ltr'>sacr„</span> <span class='ocrx_word' id='word_1_9' title='bbox 472 177 618 210; x_wconf 75' lang='lat' dir='ltr'>Jacobus</span> <span class='ocrx_word' id='word_1_10' title='bbox 643 176 819 209; x_wconf 76' lang='lat' dir='ltr'>Grelscrus</span> <span class='ocrx_word' id='word_1_11' title='bbox 845 176 885 207; x_wconf 77' lang='lat' dir='ltr'>dc</span> <span class='ocrx_word' id='word_1_12' title='bbox 911 173 982 219; x_wconf 68' lang='lat' dir='ltr'>iure</span> <span class='ocrx_word' id='word_1_13' title='bbox 1009 184 1040 206; x_wconf 74' lang='lat' dir='ltr'>et</span> <span class='ocrx_word' id='word_1_14' title='bbox 1066 187 1161 205; x_wconf 82' lang='lat' dir='ltr'>more</span> 
     </span>
     <span class='ocr_line' id='line_1_3' title="bbox 29 236 1163 286; baseline -0.004 -13"><span class='ocrx_word' id='word_1_15' title='bbox 29 239 231 286; x_wconf 81' lang='lat' dir='ltr'>prohibendi</span> <span class='ocrx_word' id='word_1_16' title='bbox 265 239 369 272; x_wconf 78' lang='lat' dir='ltr'>libros</span> <span class='ocrx_word' id='word_1_17' title='bbox 402 239 509 271; x_wconf 80' lang='lat' dir='ltr'>malos</span> <span class='ocrx_word' id='word_1_18' title='bbox 544 238 620 271; x_wconf 82' lang='lat' dir='ltr'>libr.</span> <span class='ocrx_word' id='word_1_19' title='bbox 640 238 681 270; x_wconf 91' lang='lat' dir='ltr'>X.</span> <span class='ocrx_word' id='word_1_20' title='bbox 717 237 878 283; x_wconf 78' lang='lat' dir='ltr'><strong>cap.11.‚</strong></span> <span class='ocrx_word' id='word_1_21' title='bbox 911 245 944 268; x_wconf 84' lang='lat' dir='ltr'>et</span> <span class='ocrx_word' id='word_1_22' title='bbox 973 236 1163 280; x_wconf 78' lang='lat' dir='ltr'>Stephanus</span> 
     </span>
     <span class='ocr_line' id='line_1_4' title="bbox 28 298 1164 343; baseline -0.004 -8"><span class='ocrx_word' id='word_1_23' title='bbox 28 302 168 336; x_wconf 85' lang='lat' dir='ltr'>Binetus</span> <span class='ocrx_word' id='word_1_24' title='bbox 193 301 227 334; x_wconf 90' lang='lat' dir='ltr'>in</span> <span class='ocrx_word' id='word_1_25' title='bbox 252 301 372 334; x_wconf 81' lang='lat' dir='ltr'>libello</span> <span class='ocrx_word' id='word_1_26' title='bbox 399 302 440 335; x_wconf 85' lang='lat' dir='ltr'>de</span> <span class='ocrx_word' id='word_1_27' title='bbox 465 301 571 333; x_wconf 75' lang='lat' dir='ltr'>salute</span> <span class='ocrx_word' id='word_1_28' title='bbox 590 299 754 342; x_wconf 83' lang='lat' dir='ltr'>Origenis,</span> <span class='ocrx_word' id='word_1_29' title='bbox 776 298 949 331; x_wconf 78' lang='lat' dir='ltr'>veritatem</span> <span class='ocrx_word' id='word_1_30' title='bbox 975 306 1164 343; x_wconf 82' lang='lat' dir='ltr'><strong>spectantes</strong></span> 
     </span>
     <span class='ocr_line' id='line_1_5' title="bbox 29 360 1165 403; baseline -0.004 -6"><span class='ocrx_word' id='word_1_31' title='bbox 29 377 140 403; x_wconf 79' lang='lat' dir='ltr'>unam,</span> <span class='ocrx_word' id='word_1_32' title='bbox 168 363 248 396; x_wconf 88' lang='lat' dir='ltr'>odio</span> <span class='ocrx_word' id='word_1_33' title='bbox 274 364 327 396; x_wconf 74' lang='lat' dir='ltr'>vel</span> <span class='ocrx_word' id='word_1_34' title='bbox 351 363 456 396; x_wconf 77' lang='lat' dir='ltr'>amori</span> <span class='ocrx_word' id='word_1_35' title='bbox 481 362 564 395; x_wconf 83' lang='lat' dir='ltr'>nihil</span> <span class='ocrx_word' id='word_1_36' title='bbox 589 362 774 395; x_wconf 81' lang='lat' dir='ltr'><strong>admodum</strong></span> <span class='ocrx_word' id='word_1_37' title='bbox 800 360 994 394; x_wconf 80' lang='lat' dir='ltr'>tribuentes.</span> <span class='ocrx_word' id='word_1_38' title='bbox 1035 360 1165 393; x_wconf 76' lang='lat' dir='ltr'>Incerta</span> 
     </span>
     <span class='ocr_line' id='line_1_6' title="bbox 29 422 1163 468; baseline -0.004 -9"><span class='ocrx_word' id='word_1_39' title='bbox 29 439 110 459; x_wconf 71' lang='lat' dir='ltr'>vero</span> <span class='ocrx_word' id='word_1_40' title='bbox 135 425 318 460; x_wconf 79' lang='lat' dir='ltr'>Abrahami</span> <span class='ocrx_word' id='word_1_41' title='bbox 342 425 487 459; x_wconf 81' lang='lat' dir='ltr'>sculteti</span> <span class='ocrx_word' id='word_1_42' title='bbox 510 424 615 464; x_wconf 76' lang='lat' dir='ltr'>ratio,</span> <span class='ocrx_word' id='word_1_43' title='bbox 648 422 705 468; x_wconf 91' lang='lat' dir='ltr'>qui</span> <span class='ocrx_word' id='word_1_44' title='bbox 737 431 916 468; x_wconf 75' lang='lat' dir='ltr'><strong>postquam</strong></span> <span class='ocrx_word' id='word_1_45' title='bbox 949 423 990 455; x_wconf 87' lang='lat' dir='ltr'>de</span> <span class='ocrx_word' id='word_1_46' title='bbox 1016 422 1163 465; x_wconf 76' lang='lat' dir='ltr'><strong>Origene</strong></span> 
     </span>
     <span class='ocr_line' id='line_1_7' title="bbox 30 483 1164 533; baseline -0.003 -12"><span class='ocrx_word' id='word_1_47' title='bbox 30 501 63 521; x_wconf 86' lang='lat' dir='ltr'>se</span> <span class='ocrx_word' id='word_1_48' title='bbox 89 488 203 533; x_wconf 77' lang='lat' dir='ltr'>paucis</span> <span class='ocrx_word' id='word_1_49' title='bbox 227 497 378 520; x_wconf 82' lang='lat' dir='ltr'><strong>acturum</strong></span> <span class='ocrx_word' id='word_1_50' title='bbox 404 487 496 526; x_wconf 81' lang='lat' dir='ltr'>dixit,</span> <span class='ocrx_word' id='word_1_51' title='bbox 522 485 598 532; x_wconf 86' lang='lat' dir='ltr'>quia</span> <span class='ocrx_word' id='word_1_52' title='bbox 622 486 711 518; x_wconf 84' lang='lat' dir='ltr'>inter</span> <span class='ocrx_word' id='word_1_53' title='bbox 733 484 918 518; x_wconf 75' lang='lat' dir='ltr'>haereticos</span> <span class='ocrx_word' id='word_1_54' title='bbox 944 485 1014 517; x_wconf 86' lang='lat' dir='ltr'>fere</span> <span class='ocrx_word' id='word_1_55' title='bbox 1038 483 1164 530; x_wconf 82' lang='lat' dir='ltr'>potius,</span> 
     </span>
     <span class='ocr_line' id='line_1_8' title="bbox 33 545 1166 596; baseline -0.004 -12"><span class='ocrx_word' id='word_1_56' title='bbox 33 563 131 596; x_wconf 80' lang='lat' dir='ltr'><strong>quam</strong></span> <span class='ocrx_word' id='word_1_57' title='bbox 155 550 243 583; x_wconf 83' lang='lat' dir='ltr'>inter</span> <span class='ocrx_word' id='word_1_58' title='bbox 258 549 373 583; x_wconf 75' lang='lat' dir='ltr'>Patres</span> <span class='ocrx_word' id='word_1_59' title='bbox 399 557 605 588; x_wconf 80' lang='lat' dir='ltr'>numeratur,</span> <span class='ocrx_word' id='word_1_60' title='bbox 629 559 708 580; x_wconf 82' lang='lat' dir='ltr'>mox</span> <span class='ocrx_word' id='word_1_61' title='bbox 731 545 790 579; x_wconf 84' lang='lat' dir='ltr'>ubi</span> <span class='ocrx_word' id='word_1_62' title='bbox 812 546 852 579; x_wconf 84' lang='lat' dir='ltr'>ad</span> <span class='ocrx_word' id='word_1_63' title='bbox 880 545 949 592; x_wconf 82' lang='lat' dir='ltr'>ejus</span> <span class='ocrx_word' id='word_1_64' title='bbox 975 546 1166 580; x_wconf 82' lang='lat' dir='ltr'>doctrinam</span> 
     </span>
     <span class='ocr_line' id='line_1_9' title="bbox 32 607 1171 653; baseline -0.003 -9"><span class='ocrx_word' id='word_1_65' title='bbox 32 621 168 646; x_wconf 70' lang='lat' dir='ltr'><strong>ventum</strong></span> <span class='ocrx_word' id='word_1_66' title='bbox 193 620 244 644; x_wconf 86' lang='lat' dir='ltr'>est</span> <span class='ocrx_word' id='word_1_67' title='bbox 269 619 302 644; x_wconf 80' lang='lat' dir='ltr'>et</span> <span class='ocrx_word' id='word_1_68' title='bbox 326 623 465 651; x_wconf 76' lang='lat' dir='ltr'>errores,</span> <span class='ocrx_word' id='word_1_69' title='bbox 490 610 544 643; x_wconf 82' lang='lat' dir='ltr'>vel</span> <span class='ocrx_word' id='word_1_70' title='bbox 568 622 586 643; x_wconf 83' lang='lat' dir='ltr'>a</span> <span class='ocrx_word' id='word_1_71' title='bbox 602 609 769 643; x_wconf 81' lang='lat' dir='ltr'>librorum</span> <span class='ocrx_word' id='word_1_72' title='bbox 787 607 1064 653; x_wconf 76' lang='lat' dir='ltr'><strong>depravatoribus</strong></span> <span class='ocrx_word' id='word_1_73' title='bbox 1088 621 1171 653; x_wconf 87' lang='lat' dir='ltr'>pro-</span> 
     </span>
     <span class='ocr_line' id='line_1_10' title="bbox 33 669 1169 719; baseline -0.004 -12"><span class='ocrx_word' id='word_1_74' title='bbox 33 675 140 708; x_wconf 78' lang='lat' dir='ltr'>fectos</span> <span class='ocrx_word' id='word_1_75' title='bbox 170 673 262 719; x_wconf 87' lang='lat' dir='ltr'>ipsos</span> <span class='ocrx_word' id='word_1_76' title='bbox 296 686 365 706; x_wconf 87' lang='lat' dir='ltr'>esse</span> <span class='ocrx_word' id='word_1_77' title='bbox 398 681 526 712; x_wconf 85' lang='lat' dir='ltr'>censet,</span> <span class='ocrx_word' id='word_1_78' title='bbox 558 672 613 704; x_wconf 85' lang='lat' dir='ltr'>vel</span> <span class='ocrx_word' id='word_1_79' title='bbox 644 671 678 704; x_wconf 87' lang='lat' dir='ltr'>in</span> <span class='ocrx_word' id='word_1_80' title='bbox 709 671 750 704; x_wconf 85' lang='lat' dir='ltr'>iis</span> <span class='ocrx_word' id='word_1_81' title='bbox 781 670 958 704; x_wconf 81' lang='lat' dir='ltr'>fluctuasse</span> <span class='ocrx_word' id='word_1_82' title='bbox 984 669 1169 712; x_wconf 83' lang='lat' dir='ltr'>Origenem</span> 
     </span>
     <span class='ocr_line' id='line_1_11' title="bbox 35 733 1168 778; baseline -0.002 -9"><span class='ocrx_word' id='word_1_83' title='bbox 35 737 243 770; x_wconf 75' lang='lat' dir='ltr'>demonstrat</span> <span class='ocrx_word' id='word_1_84' title='bbox 272 735 307 768; x_wconf 91' lang='lat' dir='ltr'>in</span> <span class='ocrx_word' id='word_1_85' title='bbox 331 735 477 768; x_wconf 84' lang='lat' dir='ltr'><strong>Medull.</strong></span> <span class='ocrx_word' id='word_1_86' title='bbox 501 734 605 767; x_wconf 79' lang='lat' dir='ltr'>theol.</span> <span class='ocrx_word' id='word_1_87' title='bbox 631 733 722 766; x_wconf 79' lang='lat' dir='ltr'><strong>Patr.</strong></span> <span class='ocrx_word' id='word_1_88' title='bbox 747 733 823 765; x_wconf 86' lang='lat' dir='ltr'>libr.</span> <span class='ocrx_word' id='word_1_89' title='bbox 841 733 900 767; x_wconf 81' lang='lat' dir='ltr'>vl.</span> <span class='ocrx_word' id='word_1_90' title='bbox 926 746 997 778; x_wconf 71' lang='lat' dir='ltr'>cap.</span> <span class='ocrx_word' id='word_1_91' title='bbox 1024 733 1054 767; x_wconf 90' lang='lat'>1.</span> <span class='ocrx_word' id='word_1_92' title='bbox 1081 741 1113 766; x_wconf 84' lang='lat' dir='ltr'>ct</span> <span class='ocrx_word' id='word_1_93' title='bbox 1137 733 1168 767; x_wconf 83' lang='lat'>6.</span> 
     </span>
     <span class='ocr_line' id='line_1_12' title="bbox 33 794 1170 840; baseline -0.004 -8"><span class='ocrx_word' id='word_1_94' title='bbox 33 797 215 832; x_wconf 79' lang='lat' dir='ltr'>Dissimilis</span> <span class='ocrx_word' id='word_1_95' title='bbox 247 797 387 831; x_wconf 85' lang='lat' dir='ltr'>illorum</span> <span class='ocrx_word' id='word_1_96' title='bbox 416 797 536 830; x_wconf 86' lang='lat' dir='ltr'>Petrus</span> <span class='ocrx_word' id='word_1_97' title='bbox 562 795 740 829; x_wconf 79' lang='lat' dir='ltr'>Halloxius</span> <span class='ocrx_word' id='word_1_98' title='bbox 769 794 983 835; x_wconf 85' lang='lat' dir='ltr'>Leodiensis,</span> <span class='ocrx_word' id='word_1_99' title='bbox 1013 795 1170 840; x_wconf 84' lang='lat' dir='ltr'>nuperri-</span> 
     </span>
     <span class='ocr_line' id='line_1_13' title="bbox 33 848 1170 903; baseline -0.004 -9"><span class='ocrx_word' id='word_1_100' title='bbox 33 874 106 894; x_wconf 89' lang='lat' dir='ltr'>mus</span> <span class='ocrx_word' id='word_1_101' title='bbox 130 860 188 893; x_wconf 83' lang='lat' dir='ltr'>ille</span> <span class='ocrx_word' id='word_1_102' title='bbox 215 848 369 903; x_wconf 62' lang='lat' dir='ltr'>Origenis</span> <span class='ocrx_word' id='word_1_103' title='bbox 393 858 532 899; x_wconf 84' lang='lat' dir='ltr'>vindex,</span> <span class='ocrx_word' id='word_1_104' title='bbox 557 858 661 903; x_wconf 87' lang='lat' dir='ltr'>ipsius</span> <span class='ocrx_word' id='word_1_105' title='bbox 684 858 807 901; x_wconf 79' lang='lat' dir='ltr'>vitam,</span> <span class='ocrx_word' id='word_1_106' title='bbox 832 858 984 898; x_wconf 84' lang='lat' dir='ltr'>virtutes,</span> <span class='ocrx_word' id='word_1_107' title='bbox 1008 866 1041 890; x_wconf 82' lang='lat' dir='ltr'>et</span> <span class='ocrx_word' id='word_1_108' title='bbox 1065 858 1170 890; x_wconf 88' lang='lat' dir='ltr'>docu-</span> 
     </span>
     <span class='ocr_line' id='line_1_14' title="bbox 33 920 1169 967; baseline -0.004 -11"><span class='ocrx_word' id='word_1_109' title='bbox 33 932 144 956; x_wconf 80' lang='lat' dir='ltr'>menta</span> <span class='ocrx_word' id='word_1_110' title='bbox 168 922 264 955; x_wconf 82' lang='lat' dir='ltr'>libris</span> <span class='ocrx_word' id='word_1_111' title='bbox 288 931 433 967; x_wconf 83' lang='lat' dir='ltr'>quatuor</span> <span class='ocrx_word' id='word_1_112' title='bbox 455 921 621 954; x_wconf 83' lang='lat' dir='ltr'>fusissime</span> <span class='ocrx_word' id='word_1_113' title='bbox 650 921 865 966; x_wconf 85' lang='lat' dir='ltr'>complexus:</span> <span class='ocrx_word' id='word_1_114' title='bbox 897 921 939 954; x_wconf 81' lang='lat' dir='ltr'>ad</span> <span class='ocrx_word' id='word_1_115' title='bbox 963 920 999 953; x_wconf 86' lang='lat' dir='ltr'>id</span> <span class='ocrx_word' id='word_1_116' title='bbox 1025 929 1169 953; x_wconf 79' lang='lat' dir='ltr'>attentus</span> 
     </span>
     <span class='ocr_line' id='line_1_15' title="bbox 34 983 1168 1027; baseline -0.004 -8"><span class='ocrx_word' id='word_1_117' title='bbox 34 999 156 1026; x_wconf 87' lang='lat' dir='ltr'><strong>unum,</strong></span> <span class='ocrx_word' id='word_1_118' title='bbox 178 995 216 1018; x_wconf 86' lang='lat' dir='ltr'>ut</span> <span class='ocrx_word' id='word_1_119' title='bbox 232 986 286 1018; x_wconf 72' lang='lat' dir='ltr'>vel</span> <span class='ocrx_word' id='word_1_120' title='bbox 310 986 472 1027; x_wconf 79' lang='lat' dir='ltr'>integram</span> <span class='ocrx_word' id='word_1_121' title='bbox 499 994 531 1018; x_wconf 88' lang='lat' dir='ltr'>et</span> <span class='ocrx_word' id='word_1_122' title='bbox 557 984 793 1024; x_wconf 83' lang='lat' dir='ltr'>orthodoxam,</span> <span class='ocrx_word' id='word_1_123' title='bbox 818 997 856 1017; x_wconf 80' lang='lat' dir='ltr'>ac</span> <span class='ocrx_word' id='word_1_124' title='bbox 879 983 962 1016; x_wconf 81' lang='lat' dir='ltr'>labis</span> <span class='ocrx_word' id='word_1_125' title='bbox 981 983 1168 1016; x_wconf 85' lang='lat' dir='ltr'>immunem</span> 
     </span>
     <span class='ocr_line' id='line_1_16' title="bbox 36 1043 1172 1091; baseline -0.004 -9"><span class='ocrx_word' id='word_1_126' title='bbox 36 1048 191 1091; x_wconf 82' lang='lat' dir='ltr'>Origenis</span> <span class='ocrx_word' id='word_1_127' title='bbox 223 1048 410 1081; x_wconf 83' lang='lat' dir='ltr'>doctrinam</span> <span class='ocrx_word' id='word_1_128' title='bbox 441 1047 542 1080; x_wconf 85' lang='lat' dir='ltr'>fuisse</span> <span class='ocrx_word' id='word_1_129' title='bbox 569 1048 797 1089; x_wconf 77' lang='lat' dir='ltr'>demonstret;</span> <span class='ocrx_word' id='word_1_130' title='bbox 829 1046 883 1079; x_wconf 83' lang='lat' dir='ltr'>vel</span> <span class='ocrx_word' id='word_1_131' title='bbox 915 1045 941 1078; x_wconf 87' lang='lat' dir='ltr'>si</span> <span class='ocrx_word' id='word_1_132' title='bbox 973 1045 1055 1091; x_wconf 85' lang='lat' dir='ltr'>quid</span> <span class='ocrx_word' id='word_1_133' title='bbox 1086 1043 1172 1078; x_wconf 78' lang='lat' dir='ltr'>veri-</span> 
     </span>
     <span class='ocr_line' id='line_1_17' title="bbox 36 1108 1174 1153; baseline -0.003 -10"><span class='ocrx_word' id='word_1_134' title='bbox 36 1120 103 1144; x_wconf 77' lang='lat' dir='ltr'>tato</span> <span class='ocrx_word' id='word_1_135' title='bbox 128 1110 234 1144; x_wconf 74' lang='lat' dir='ltr'>victus</span> <span class='ocrx_word' id='word_1_136' title='bbox 257 1110 335 1143; x_wconf 84' lang='lat' dir='ltr'>huic</span> <span class='ocrx_word' id='word_1_137' title='bbox 358 1110 535 1142; x_wconf 78' lang='lat' dir='ltr'>inhaesisse</span> <span class='ocrx_word' id='word_1_138' title='bbox 559 1108 632 1141; x_wconf 65' lang='lat' dir='ltr'>vitii</span> <span class='ocrx_word' id='word_1_139' title='bbox 655 1109 754 1142; x_wconf 77' lang='lat' dir='ltr'>fateri</span> <span class='ocrx_word' id='word_1_140' title='bbox 779 1109 928 1151; x_wconf 79' lang='lat' dir='ltr'>cogitur,</span> <span class='ocrx_word' id='word_1_141' title='bbox 952 1108 986 1142; x_wconf 84' lang='lat' dir='ltr'>id</span> <span class='ocrx_word' id='word_1_142' title='bbox 1012 1118 1048 1141; x_wconf 90' lang='lat' dir='ltr'>ut</span> <span class='ocrx_word' id='word_1_143' title='bbox 1073 1120 1174 1153; x_wconf 77' lang='lat' dir='ltr'>quae-</span> 
     </span>
    </p>
   </div>
   <div class='ocr_carea' id='block_1_3' title="bbox 40 1171 798 1219">
    <p class='ocr_par' dir='ltr' id='par_1_3' title="bbox 40 1171 798 1219">
     <span class='ocr_line' id='line_1_18' title="bbox 40 1171 798 1219; baseline -0.005 -13"><span class='ocrx_word' id='word_1_144' title='bbox 40 1173 108 1207; x_wconf 79' lang='lat' dir='ltr'>sitis</span> <span class='ocrx_word' id='word_1_145' title='bbox 134 1174 360 1219; x_wconf 84' lang='lat' dir='ltr'>undecunque</span> <span class='ocrx_word' id='word_1_146' title='bbox 387 1171 657 1206; x_wconf 74' lang='lat' dir='ltr'>excusationibus</span> <span class='ocrx_word' id='word_1_147' title='bbox 683 1171 798 1207; x_wconf 78' lang='lat' dir='ltr'>diluat,</span> 
     </span>
    </p>
   </div>
  </div>
 </body>
</html>
