1422 2472
364 64 679 98 Omeemmotwm
704 63 815 96 Lmen
840 63 901 96 ΙΙΙ.
1130 64 1193 99 201

64 153 98 187 in
122 154 244 186 eodem
268 153 374 186 libro:
411 167 473 186 nec
498 154 600 186 docet
622 162 755 194 tamen,
787 163 901 186 utrum
926 167 1010 199 quae
1035 155 1195 199 Hexaplis

64 215 187 248 intexta
211 225 261 248 est
284 215 517 260 interpretatio
547 217 620 249 τῶν
643 214 892 261 ἑδομήκοντα,
918 215 1084 262 ejusmodi
1107 216 1196 249 notis

63 277 165 309 suerit
189 277 342 320 insignis:
367 278 427 309 sed
451 277 487 309 id
510 276 729 321 perspicuum
755 287 804 311 est
821 291 859 310 ex
874 278 1036 311 Romanis
1050 278 1195 312 Scholiis

63 340 138 373 τῶν
161 338 413 384 ἑβδομήκοντα
445 338 479 370 in
511 338 542 372 1.
570 339 651 380 Reg.
680 338 742 379 14,
766 339 797 373 4.
822 342 997 375 ῡΙῑΙᾶλλον
1019 343 1130 375 ταῦτα
1156 342 1196 375 ἓν

63 399 290 446 ῐῷἝξαπλῷ
308 401 522 445 ἠστέρισται,
549 398 596 438 ὠς
613 401 652 434 ἐκ
670 402 1193 449 Θεοδοτίωνοςπροστεθέντα·

64 472 97 495 et
133 476 171 495 ex
201 462 274 496 istis
304 461 522 508 Hieronymi,
563 474 647 506 quae
681 462 804 507 repetit
835 463 976 496 Rufinus
1010 465 1135 501 Invect.
1165 465 1196 499 2.

65 525 153 558 „Sed
185 534 219 557 et
244 525 408 567 Origenes
431 523 606 556 asteriscos
641 523 740 564 fecit,
772 536 810 556 ex
842 525 1060 559 translatione
1085 527 1198 560 Theo-

63 673 340 714 Claromontano,
364 675 433 708 sive
459 675 532 709 RR.
553 673 841 709 PP.Jesuitarum
862 675 1006 718 Collegii
1030 677 1196 710 Ludovici

60 729 194 771 Magni,
227 740 260 764 et
292 731 382 777 aliis,
419 741 497 775 post
533 731 718 764 Asteriscos
749 730 886 763 nomina
924 732 1147 777 interpretum
1179 747 1196 765 a

59 786 176 830 primis
201 786 306 820 literis
332 787 576 828 describuntur,
601 787 648 820 ita
671 796 709 819 ut
727 787 997 831 frequentissime
1011 789 1195 821 Asteriscus

59 854 183 874 nomen
208 844 399 887 praecedat,
424 843 530 876 rarius
554 853 667 876 autem
685 856 810 875 nomen
824 843 1038 877 Asteriscum.
1071 845 1194 878 Utrum

59 910 140 931 vero
165 899 238 943 ipse
264 900 426 942 Origenes
457 899 595 932 nomina
630 912 706 931 cum
735 899 910 932 Asteriscis
942 900 974 932 in
1001 910 1093 933 textu
1117 915 1194 934 suae

60 955 219 988 editionis
253 956 425 1000 posuerit,
459 969 501 988 an
537 955 573 988 id
602 956 821 1000 subsequenti
852 968 936 987 aevo
967 957 1008 988 ab
1046 956 1101 996 iis,
1139 957 1194 1002 qui

60 1010 293 1055 Hexaplorum
318 1011 539 1044 collectiones
565 1012 787 1053 collegerunt,
813 1020 845 1043 et
870 1011 904 1043 in
929 1011 1050 1045 Bibliis
1073 1027 1197 1058 posue·

60 1075 155 1104 runt,
188 1066 313 1099 factum
339 1067 460 1106 fuerit,
491 1079 560 1098 non
591 1067 637 1099 ita
668 1067 767 1099 facile
801 1076 850 1099 est
883 1067 1044 1100 divinare.
1095 1070 1194 1102 Certe

62 1121 178 1155 Codex
203 1122 262 1154 ille
278 1123 350 1154 RR.
368 1122 436 1155 PP.
452 1121 658 1154 Jesuitarum
683 1122 717 1154 in
729 1121 876 1154 Jeremia
902 1131 935 1154 et
958 1122 993 1155 in
1017 1123 1195 1157 Ezechiele

60 1190 159 1221 saepe
173 1178 360 1210 Asteriscos
384 1177 510 1221 inipso
536 1186 628 1208 textu
654 1177 764 1222 ponit,
789 1178 968 1222 subjuncto
994 1180 1196 1224 plerumque

60 1246 78 1265 a
102 1233 211 1277 prima
234 1234 347 1266 solum
378 1234 475 1266 litera
506 1232 645 1265 nomine
677 1233 891 1278 interpretis,
924 1247 962 1267 ex
994 1249 1061 1280 quo
1094 1236 1196 1269 lectio

47 1278 120 1321 'illa
143 1289 314 1335 adjectitia
341 1291 492 1323 desumta
516 1288 591 1329 fuit,
617 1289 663 1322 sic
687 1289 732 1334 ff
754 1294 812 1329 A„
839 1291 972 1334 quando
999 1304 1036 1323 ex
1055 1291 1196 1336 Aquila;

60 1346 115 1379 vel
137 1346 182 1392 ff
208 1350 266 1386 Θ,,
292 1347 318 1380 si
344 1359 382 1378 ex
407 1344 667 1386 Theodotione3
703 1354 760 1378 aut
782 1345 828 1389 ᾔ
851 1349 910 1385 Σ.,
937 1360 1013 1378 cum
1038 1360 1075 1379 ex
1101 1348 1198 1394 Sym-

59 1402 198 1445 mach0;
235 1404 288 1436 vel
321 1403 466 1447 denique
495 1400 541 1447 ἤ
570 1403 605 1436 οἱ
637 1405 694 1441 Γ.,
727 1401 754 1433 si
787 1415 824 1433 ex
858 1402 963 1435 tribus
994 1403 1060 1435 illis
1093 1404 1194 1436 simul

58 1457 300 1503 interpretibus
324 1459 426 1492 lectio
456 1458 517 1490 illa
541 1466 696 1501 excerpta
731 1456 782 1489 sit.
830 1458 988 1491 Fortasse
1014 1472 1093 1492 vero
1120 1459 1196 1504 quia

59 1525 97 1548 ut
119 1516 306 1560 plurimum
331 1513 581 1548 Theodotionis
613 1513 778 1546 lectiones
812 1527 888 1546 cum
915 1516 1090 1548 Asteriscis
1115 1517 1198 1548 asse-

58 1572 154 1604 rebat
178 1572 358 1614 Origenes,
394 1567 645 1602 Theodotionis
677 1582 802 1602 nomen
834 1584 902 1603 non
933 1572 1065 1604 solebat
1089 1572 1198 1616 expri-

60 1641 173 1670 mere;
203 1628 346 1673 Aquilae
372 1640 472 1665 vero,
499 1624 577 1669 quia
601 1625 724 1664 rarius,
753 1635 785 1657 et
809 1627 1020 1672 Symmachi,
1046 1629 1122 1672 quia
1146 1641 1198 1660 ra-

60 1684 189 1716 rissime
215 1683 509 1728 interpretationes
535 1694 610 1712 cum
638 1681 816 1713 Asteriscis
841 1682 1027 1723 inserebat,
1060 1683 1198 1716 nomina

61 1752 79 1771 a
102 1740 212 1784 prima
236 1740 331 1772 litera
357 1739 576 1783 depingebat,
608 1746 645 1769 ut
669 1737 852 1778 indicaret,
878 1752 946 1772 non
971 1753 1009 1772 ex
1035 1740 1197 1773 Theodo-

62 1795 154 1828 tioue
184 1809 247 1840 pro
279 1796 382 1829 solito
408 1796 509 1827 verba
542 1793 691 1837 decerpi.
739 1793 808 1826 Sed
840 1795 904 1827 hoc
933 1808 970 1828 ex
1005 1795 1198 1840 conjectura

62 1860 191 1884 tantum
217 1848 348 1886 dffitur.
398 1852 570 1890 Ceterum,
596 1850 705 1895 inquit
730 1864 820 1883 num.
836 1851 878 1890 4.,
905 1864 942 1883 ex
965 1851 1198 1892 similitudine,

63 1920 147 1951 quae
172 1909 401 1941 intercedebat
417 1908 548 1941 Obelos
572 1907 661 1939 inter
686 1916 718 1939 et
732 1907 939 1947 Lemniscos‚
964 1916 1061 1951 atque
1079 1908 1199 1953 Hypo-

64 1963 260 2004 lemniscos,
295 1978 364 1997 non
397 1965 507 1996 solum
543 1972 704 2008 quantum
740 1964 780 1995 ad
813 1965 976 2002 sormam,
1007 1965 1064 1995 sed
1098 1966 1197 1996 etiam

65 2030 225 2064 quantum
251 2022 292 2053 ad
320 2034 439 2060 usum,
469 2022 597 2052 factum
631 2028 696 2060 est,
732 2029 769 2051 ut
794 2020 959 2052 Lemnisci
990 2032 1053 2063 pro
1081 2019 1199 2052 Obelis

64 2076 129 2109 sint
153 2076 269 2109 habiti.
315 2078 399 2110 Nam
425 2089 493 2108 uno
520 2085 661 2120 excepto
687 2076 847 2122 Hesychii
872 2076 963 2115 loco,
991 2076 1119 2107 nullam
1145 2088 1199 2108 me

55 2132 317 2165 ‘Lemniscorum
349 2133 558 2165 mentionem
593 2146 610 2165 a
635 2142 790 2177 tempore
814 2131 997 2176 Epiphanii
1023 2141 1055 2163 et
1079 2132 1201 2164 Hiero-

64 2188 155 2234 nymi
188 2188 317 2233 uspiam
349 2189 497 2233 reperire
529 2189 686 2222 memini:
719 2189 751 2221 in
783 2188 905 2221 Bibliis
937 2188 1006 2221 scil.
1032 2189 1134 2228 Mss.,
1164 2187 1199 2220 in

66 2244 218 2283 Catenis,
247 2254 278 2277 et
303 2243 336 2276 in
364 2244 661 2278 Commentariis«
