1422 2472
322 74 637 111 Omana-sanonum
663 73 775 108 Lmen
798 73 859 110 111.
1100 74 1162 110 111

30 164 174 205 ritatem,
198 177 283 210 quos
307 178 407 199 senex
420 166 647 207 Adamantius,
671 166 805 208 ingenio
822 177 885 210 per
907 173 1051 198 aetatem
1065 165 1168 208 magis

30 227 169 261 subacto
202 227 371 269 elimavit,
401 241 500 273 quam
531 228 589 274 qui
620 228 784 262 efferente
817 240 888 261 sese
921 227 954 260 in
986 226 1168 274 juventutis

31 299 123 324 aestu
146 290 353 324 fecunditate
376 290 510 336 profusi
533 300 620 329 sunt,

122 353 163 387 V.
210 354 282 387 Nec
312 352 489 398 aliquantis
518 353 679 387 duntaxat
703 352 986 396 origenianarum
1010 352 1170 398 scriptio-

32 427 114 448 num
127 415 291 461 partibus,
316 414 370 448 vel
388 415 598 449 notariorum
614 415 843 461 properantia,
861 416 915 449 vel
929 425 1170 461 corruptorum

33 476 150 510 nocuit
183 476 338 520 audacia;
373 478 432 511 scd
464 477 498 510 in
535 487 606 511 tota
637 477 738 512 etiam
770 478 943 512 volumina
976 478 1170 511 invidorum

33 539 292 585 intemperantia
315 549 457 582 grassata
481 549 546 573 est:
583 553 661 574 nam
685 541 744 586 qui
767 550 860 574 tanto
887 549 1010 574 conatu
1034 540 1068 573 in
1094 540 1173 575 Ori-

33 603 125 644 genis
149 601 338 636 doctrinam
361 602 571 644 saeviebant,
595 603 710 650 ejusne
734 603 967 650 pepercissent
990 602 1105 644 libris,
1140 612 1172 635 et

33 678 105 699 non
135 678 195 699 eos
225 664 318 699 omni
348 665 463 700 studio
499 664 747 700 abolevissent?
799 668 1025 700 Accesserunt
1057 665 1172 699 crebra

33 728 240 775 synodorum
265 737 298 761 et
329 727 571 774 episcoporum
601 729 829 771 anathemata,
860 728 982 775 quibus
1005 728 1175 762 Adaman—

34 791 110 833 tius,
133 790 395 837 Adamantiique
420 790 575 825 doctrina
602 791 757 826 damnata
781 800 846 825 est:
871 801 944 825 tum
960 792 1174 837 promulgata

35 854 126 900 apud
147 853 353 888 recentiores
377 853 527 888 Graecos
551 853 699 896 decreta,
724 853 845 900 quibus
869 854 1014 888 vetitum
1039 864 1106 896 est,
1130 867 1172 888 ne

37 915 111 962 quis
135 916 206 964 ejus
229 916 335 950 libros
359 915 537 950 describat.
584 916 684 951 Unde
707 916 871 950 maximae
895 915 1111 958 Latinorum,
1135 929 1174 950 ac

36 977 245 1013 Graecorum
268 978 451 1025 praecipue
476 978 719 1025 exemplarium
749 978 837 1025 parti
861 978 972 1014 clades
996 979 1091 1013 illata
1115 988 1174 1020 est,

36 1049 72 1073 et
95 1041 225 1087 oppido
248 1054 356 1087 pauca
380 1054 418 1075 ex
440 1040 507 1074 hoc
525 1040 665 1075 interitu
688 1051 816 1075 servata
834 1050 920 1076 sunt.
959 1041 1173 1087 Quamquam

39 1103 129 1136 enim
152 1103 267 1146 ingens
292 1103 400 1137 adhuc
413 1102 696 1146 Origenianorum
710 1103 865 1148 Operum
882 1103 1043 1137 volumen
1058 1116 1175 1149 super-

40 1174 108 1206 est,
139 1174 244 1211 quota
267 1164 326 1199 illa
356 1177 432 1210 pars
466 1174 515 1199 est
539 1165 650 1208 magni
680 1164 777 1212 hujus
811 1165 1085 1199 lucubrationum
1113 1179 1176 1199 nu—

39 1226 141 1268 meri,
173 1239 254 1273 quas
277 1227 318 1260 ab
353 1239 395 1260 eo
421 1227 608 1261 elaboratas
639 1227 741 1261 fuisse
764 1228 905 1262 Veteres
929 1228 1176 1273 prodiderunt?

39 1288 165 1323 Scribit
187 1288 401 1334 Theophilus
424 1288 541 1323 Pasch.
567 1290 598 1325 1.
629 1299 664 1322 et
686 1289 737 1331 2.‚
767 1289 855 1323 hunc
888 1289 1175 1324 »innumerabiles

40 1351 182 1385 texuisse
208 1351 330 1393 libros,
362 1360 396 1385 et
419 1351 620 1394 garrulitatis
644 1364 740 1395 suae,
774 1352 867 1397 quasi
893 1353 1073 1387 damnosae
1098 1366 1176 1399 pos-

43 1413 199 1448 sessionis
221 1413 352 1447 mundo
376 1413 552 1459 reliquisse
576 1413 850 1448 haereditatem«
873 1412 968 1450 ’Ἀνω
993 1418 1055 1450 καὶ
1079 1414 1175 1451 κάτω

42 1477 275 1522 ταυτολογιὸν
291 1475 476 1523 ἐπλήρωσε
499 1475 565 1520 τῆν
589 1478 810 1522 οἰκουμένην
826 1476 969 1523 ἀμέτρῳ
993 1480 1174 1524 φλυαρίᾳ·

43 1539 89 1572 ait
117 1537 311 1572 Eustathius
335 1538 566 1571 Antiochenus
597 1539 640 1572 de
669 1539 820 1582 Engastr.
870 1538 977 1583 »Quis
1010 1548 1176 1581 nostrum,

41 1600 153 1646 inquit
167 1600 404 1648 Hieronymus,
420 1601 453 1645 ¹)
477 1610 568 1634 tanta
591 1610 705 1646 potest
728 1601 851 1644 legere,
876 1611 1001 1646 quanta
1022 1602 1081 1635 ille
1099 1615 1177 1635 con-

42 1662 216 1709 scripsit?«
264 1663 361 1697 Idem
385 1662 530 1709 alibi22)
557 1662 798 1704 »Ambrosius‚
822 1676 889 1709 quo
915 1665 1065 1707 chartas,
1087 1677 1178 1698 sum-

42 1735 114 1768 tus,
145 1725 295 1759 notarios
324 1724 552 1767 ministrante,
583 1734 651 1759 tam
681 1725 940 1760 innumerabiles
965 1726 1070 1760 libros
1101 1740 1177 1760 vere

44 1788 263 1822 Adamantius
292 1797 409 1822 noster
439 1798 472 1821 et
496 1788 735 1822 Chalcenterus
759 1788 957 1834 explicuit‚«
986 1799 1050 1824 etc.
1096 1789 1178 1823 Vin-

46 1849 174 1883 centius
190 1848 435 1896 Lirinensi-11³)
463 1850 552 1884 »Sed
575 1852 677 1885 credo
702 1863 809 1897 pauca
833 1851 1050 1897 conscripsit:
1074 1865 1176 1886 nemo

46 1911 241 1944 mortalium
262 1911 373 1957 plura,
396 1920 434 1945 ut
456 1911 540 1946 mihi
564 1926 621 1947 sua
647 1914 759 1947 omnia
783 1927 852 1947 non
877 1913 987 1947 solum
1010 1927 1081 1948 non
1102 1927 1179 1960 per-

47 1971 132 2015 legi,
161 1974 220 2007 sed
249 1985 291 2007 ne
315 1973 459 2007 inveniri
489 1975 626 2021 quidem
657 1988 756 2021 posse
780 1975 986 2011 videantum
1035 1977 1084 2010 Ex
1112 1977 1176 2010 im—

52 2160 88 2203 e&
146 2124 179 2205 ’ἐ
203 2124 274 2159 Cfr.
298 2127 494 2175 Hieronym.
521 2129 616 2174 epist.
634 2129 688 2164 65.
712 2130 755 2162 ad
778 2128 970 2164 Pammach.
997 2140 1029 2163 et
1053 2130 1176 2164 Ocean.

90 2181 112 2214 P
143 2225 177 2269 ²)
203 2225 272 2259 Csr.
299 2226 493 2273 Hieronym.
520 2230 614 2275 epist.
640 2229 683 2266 18
716 2232 757 2264 ad
782 2230 934 2264 Marcell.

143 2280 177 2325 ὃ)
204 2280 272 2314 cfr.
297 2280 450 2316 Vincent.
475 2284 577 2318 Lirin.
604 2295 719 2319 contra
744 2287 831 2319 haer.
859 2298 928 2331 cap.
955 2284 1009 2321 23.
