1422 2472
337 60 646 96 Omessmuonust
670 59 785 94 Lmen
808 59 868 94 111.
1107 57 1172 93 127

37 150 276 186 Adamantium
310 150 550 185 duodecimum
590 160 623 184 et
662 150 832 184 decimum
872 147 1010 182 tertium
1047 147 1173 181 librum

38 214 370 249 Commentariorum
394 227 534 248 suorum
557 214 590 247 in
607 211 756 247 Genesin
777 210 857 244 huic
872 211 953 244 loco
970 210 1172 256 exponendo

38 289 263 311 consecrasse:
291 276 431 311 »Omnis
446 278 479 322 ¹)
504 276 562 322 qui
587 274 750 309 occiderit
772 273 867 315 Cain,
890 272 1086 319 septuplum
1110 285 1176 318 pu-

36 340 180 374 nietur.«
215 339 306 373 Hinc
329 338 556 373 emendandus
579 337 758 379 Eusebius,
781 336 874 384 cujus
899 335 988 369 libro
1004 335 1063 371 VI.
1086 334 1174 369 Hist.

39 416 111 450 cap.
128 402 183 439 24.
207 401 289 436 haec
313 402 486 445 leguntur:
512 400 616 436 Κατὰ
641 401 682 437 δὲ
705 399 745 436 τὸ
771 400 924 436 ἔννατον
948 400 1021 434 τῶν
1044 399 1093 438 εἷς
1110 396 1176 442 τὴν

40 469 205 511 Γένεσιν,
231 485 274 492 ·-
306 464 450 501 δώδεκα
474 464 518 500 δέ
540 464 612 499 ἐστι
644 462 765 499 πάντα
790 483 851 507 -,
885 461 928 497 οὐ
951 459 1074 508 μόνον
1096 456 1178 499 τούς

40 527 114 576 πρὸ
138 530 202 564 τοῦ
227 526 380 564 ἓννάτου
404 528 512 572 δηλοῖ
538 527 601 562 ἐπὶ
630 528 693 570 τῆς
718 524 986 572 Ἀλεξανδρείας
1009 522 1179 568 ὑπεμνη»

39 594 228 638 ματίσθαι.
281 590 467 625 Eusebium
495 598 628 623 secutus
660 597 710 622 est
739 587 870 621 suidas.
925 586 1035 632 Saepe
1067 596 1180 619 autem

42 653 76 687 in
100 666 320 687 numerorum
344 653 434 687 notis
457 653 617 687 labuntur
640 650 786 693 librarii;
810 650 890 683 inde
914 650 1055 683 sortasse
1074 662 1180 691 error,

41 714 212 762 adscripto
237 713 290 761 ιβ’
317 730 380 762 pro
406 714 479 762 ιγ’·
513 715 569 749 vel
595 723 683 749 certe
707 713 742 747 in
768 726 809 747 eo
835 712 983 755 Codice,
1013 727 1082 759 quo
1106 722 1181 747 ute-

41 779 141 812 batur
154 778 330 820 Eusebius,
356 778 395 812 in'
413 792 520 812 unum
545 778 745 811 coaluerunt
767 776 975 822 posteriores
999 776 1080 811 libri
1100 777 1180 818 duo,

41 850 162 887 utpote
188 841 246 887 qui
272 841 359 875 circa
382 840 474 875 idem
497 850 730 885 argumentum
759 849 981 874 versarentur.

132 903 386 949 Septemdecim
416 904 583 939 Homilias
615 904 650 937 in
683 902 830 937 Genesin
862 902 1034 948 hodieque
1066 916 1183 948 super-

43 965 136 1000 stites
159 966 302 1000 Rufinus
325 966 432 1002 latino
463 979 619 1001 sermone
651 965 806 1000 donavit:
844 965 989 999 diversas
1012 964 1088 998 illas
1112 977 1182 998 esse

44 1041 62 1062 a
85 1027 234 1075 mysticis
257 1028 419 1062 Homiliis
442 1029 529 1062 infra
554 1029 780 1063 ostendemus.
825 1027 920 1062 Idem
946 1035 1036 1060 certe
1059 1026 1183 1060 Hiero-

44 1103 164 1137 nymus
187 1089 223 1123 in
247 1090 392 1136 epistola
417 1091 492 1126 126.
516 1091 559 1124 ad
581 1090 774 1133 Evagrium‚
799 1090 915 1124 scribit
939 1089 1124 1132 Origenem
1147 1088 1183 1121 in

45 1152 155 1199 prima
192 1152 421 1186 Homiliarum
457 1152 492 1185 in
530 1151 679 1185 Genesin
716 1152 757 1185 de
789 1150 1044 1185 Melchisedech
1083 1150 1185 1184 disse-

46 1215 170 1249 ruisse:
197 1215 291 1261 cujus
303 1215 339 1261 ²)
365 1228 441 1248 cum
465 1214 558 1248 nulla
583 1214 745 1247 habeatur
767 1213 896 1248 mentio
922 1213 957 1246 in
979 1212 1090 1258 prima
1113 1212 1188 1245 Ho-

46 1276 236 1317 miliarum,
259 1288 344 1322 quae
367 1285 562 1322 supersunt,
586 1275 802 1310 concluditur
825 1276 880 1309 vel
903 1274 1088 1321 respexisse
1104 1273 1187 1307 Hie-

46 1352 227 1386 ronymum
251 1339 294 1372 ad
317 1338 469 1383 priorem
492 1337 710 1384 mysticarum
725 1338 967 1379 Homiliarum,
991 1338 1047 1370 vel
1071 1337 1186 1382 plures

46 1401 126 1436 alias
150 1400 380 1436 Homiliarum
403 1400 439 1434 in
463 1400 612 1435 Genesin
638 1400 859 1435 collectiones
884 1400 1057 1434 exstitisse.

135 1463 337 1507 Fragmenta
360 1462 492 1509 aliquot
525 1475 543 1496 e
568 1462 687 1497 Tomis
712 1462 868 1507 Origenis
899 1463 935 1497 in
958 1462 1117 1498 Exodum
1140 1461 1189 1496 vi-

50 1636 100 1664 ea,
128 1620 274 1665 Τόμους
288 1622 323 1655 in
337 1621 486 1655 Genesin
511 1634 582 1655 non
607 1621 758 1655 diversos
775 1622 883 1656 videri
899 1622 940 1655 ab
957 1621 1049 1655 illius
1074 1633 1189 1666 opere,

51 1669 146 1714 quod
176 1667 374 1715 Hieronym.
405 1667 503 1712 epist.
527 1667 601 1709 41.,
633 1667 712 1700 alias
737 1667 792 1702 65.
822 1668 1058 1702 Hexaemeron
1081 1676 1190 1707 vocat,

50 1727 128 1747 cum
154 1713 215 1747 ait:
243 1715 381 1758 »Nuper
407 1721 538 1746 sanctus
557 1712 756 1746 Ambrosius
780 1713 828 1746 sic
841 1714 1073 1747 Hexaemeron
1098 1711 1190 1745 illius

51 1758 242 1805 (Origenis)
268 1757 476 1804 compilavit,
500 1767 538 1791 ut
561 1757 664 1802 magis
688 1758 871 1806 Hippolyti
895 1757 1074 1793 sententias
1098 1757 1192 1791 Basi-

56 1804 162 1850 liique
185 1813 414 1850 sequentuin«
461 1804 502 1838 R.

145 1861 178 1906 ¹)
206 1859 277 1894 Cfr.
301 1860 425 1894 Genes.
450 1859 507 1900 lV,
530 1859 586 1897 24.

144 1917 181 1961 ²)
204 1916 298 1951 Nihil
322 1916 460 1961 quidem
495 1915 663 1961 ejusmodi
685 1915 855 1961 reperitur
881 1916 915 1950 in
940 1916 1049 1962 prima
1071 1914 1193 1949 Homi-

59 1961 198 2004 liarum,
234 1974 319 2007 quae
349 1971 545 2007 supersunt,
579 1962 650 1995 imo
681 1974 744 1995 nec
779 1962 814 1995 in
846 1963 976 1996 ceteris.
1033 1963 1079 1996 At
1111 1973 1192 1994 vero

56 2006 167 2040 variae
190 2006 274 2040 olim
297 2007 435 2040 fuerunt
457 2006 687 2040 Homiliarum
721 2007 757 2040 in
781 2007 930 2041 Genesin
960 2005 1194 2045 collectiones,

58 2052 108 2085 uti
136 2052 244 2097 liquet
275 2065 315 2086 ex
339 2052 567 2094 Cassiodoro,
622 2053 657 2085 ui
692 2052 734 2085 de
764 2053 906 2087 institut.
939 2053 1041 2086 divin.
1067 2051 1194 2084 literar.

59 2110 131 2143 cap.
157 2098 187 2131 1.
230 2098 399 2131 sexdecim
435 2107 565 2131 tantum
636 2097 757 2140 rigenis
799 2098 967 2132 Homilias
1011 2105 1195 2131 enumerat.

58 2143 160 2176 Unde
184 2154 253 2175 non
277 2143 418 2176 absurde
444 2142 511 2176 dici
535 2152 659 2188 potest,
685 2156 756 2176 eam
780 2143 814 2176 in
833 2144 981 2177 Genesin
998 2142 1202 2181 Homiliam,

60 2201 145 2233 quae
170 2188 211 2220 ad
235 2200 296 2220 nos
319 2201 388 2221 non
411 2190 582 2233 pervenit,
614 2202 683 2222 esse
713 2189 857 2234 primam
891 2202 1022 2227 earum,
1055 2199 1195 2232 quarum

62 2233 306 2278 septemdecim
331 2242 524 2277 supersunt,
558 2247 708 2278 quaeque
740 2248 757 2267 a
782 2235 928 2271 mysticis
953 2246 1021 2266 non
1046 2242 1123 2265 sunt
1147 2231 1198 2264 di-

61 2291 192 2320 versae,
217 2286 253 2310 ut
278 2277 363 2310 infra
387 2278 610 2312 ostendemus.
660 2280 698 2311 R.
818 2274 826 2280 ⁶
