1422 2472
339 59 656 94 Omezuuuonum
679 59 795 93 Lmrn
818 58 878 93 111.
1111 58 1175 95 125

36 150 223 194 morum')
265 150 438 195 correptio
477 159 576 196 atque
616 149 806 197 objurgatio
843 148 1009 182 moralem
1054 148 1175 191 dirigat

35 211 192 258 stylum.«
242 210 348 255 Quod
379 210 471 245 idem
502 211 537 244 in
568 212 636 246 fine
660 211 812 259 ejusdem
835 210 1007 245 Homiliae
1037 210 1172 257 repetit.

34 274 89 308 Ab
121 274 283 307 historico
316 282 429 307 autem
462 286 561 307 sensu
596 274 638 307 ad
672 274 870 321 mysticum,
905 287 924 307 a
955 272 1096 320 mystico
1131 272 1175 306 ad

34 337 203 370 moralem
231 336 302 370 fere
333 336 567 382 progreditur3
603 337 754 383 quamvis
789 337 879 370 hunc
910 335 1065 370 ordinem
1094 348 1174 381 per-

35 408 144 432 vertat
166 411 426 444 nonnunquam,
457 397 590 432 literam
614 399 797 446 aliquando
821 398 985 443 negligat,
1009 412 1028 433 a
1051 397 1174 432 morali

35 461 247 507 expositione
292 461 335 494 ad
383 460 560 509 mysticam
605 462 809 507 quandoque
848 471 1002 496 transeat.
1075 460 1173 505 Quae

35 524 198 570 quoniam
226 537 328 570 supra
357 523 548 558 luculenter
572 523 805 569 tractavimus,
835 524 917 558 haec
949 523 1062 558 obiter
1095 523 1174 558 teti-

34 587 118 630 gisse
143 586 300 621 sufficiat.

123 650 200 685 VII.
245 649 369 684 Finem
405 649 485 683 huic
517 649 734 695 imponemus
770 649 932 691 sectioni,
967 649 1171 684 adducentes

33 710 122 746 illud
145 712 319 746 Ambrosii
343 726 362 746 e
393 712 468 747 libr.
486 712 527 747 V.
561 711 657 758 epist.
681 711 736 748 43.
771 712 842 746 »Et
872 713 900 746 si
924 712 1044 754 sciam,
1077 713 1171 759 quod

33 774 118 808 nihil
150 774 324 808 difficilius
347 774 408 816 sit,
437 788 537 821 quam
570 775 612 808 de
636 774 799 820 Apostoli
822 775 971 809 lectione
995 776 1170 818 disserere,

33 849 112 870 cum
142 836 214 883 ipse
239 836 403 880 Origenes
434 837 534 881 longe
565 836 678 870 minor
708 836 752 870 sit
785 836 821 870 in
849 838 969 878 Novo,
1005 851 1106 884 quam
1135 837 1172 871 in

31 899 148 933 Veteri
171 899 421 934 Testamenta«
471 899 576 947 Cujus
598 899 648 933 rei
679 913 807 933 caussas
832 899 1005 946 quaerenti
1028 899 1112 934 mihi
1135 899 1172 933 id

31 962 212 1003 succurrit,
244 971 354 997 aetate
386 962 543 1006 Origenis
572 961 727 1008 pluribus
759 961 1038 1004 Commentariis,
1068 961 1173 996 inter-

31 1024 297 1069 pretationibus,
335 1024 645 1065 dissertationibus,
687 1023 927 1058 traditionibus
965 1023 1172 1058 illustratum

33 1085 135 1119 fuisse
159 1086 412 1120 Testamentum
437 1087 559 1127 Vetus,
584 1099 684 1131 quam
707 1087 864 1127 Novum,
897 1085 990 1132 cujus
1013 1085 1172 1119 recondi-

34 1146 138 1182 tiores
168 1148 352 1182 sententiae
384 1161 635 1194 perpaucorum
673 1147 835 1182 industria
865 1148 999 1180 fuerant
1033 1147 1075 1180 ad
1105 1147 1172 1180 hoc

33 1218 167 1255 tempus
191 1209 424 1254 investigatae3
447 1211 661 1256 proindeque
686 1211 952 1244 Instrumentum
976 1210 1082 1243 Vetus
1105 1218 1171 1242 tra-

33 1280 179 1305 ctantem
191 1272 430 1306 Adamantium
452 1272 574 1319 majori
598 1272 700 1306 fuisse
724 1272 760 1305 in
775 1272 850 1304 luce
866 1280 1045 1313 versatum,
1069 1283 1170 1316 quam

33 1346 110 1367 cum
126 1334 226 1367 Novo
252 1334 452 1380 explicando
478 1348 617 1381 operam
641 1347 737 1368 suam
759 1343 908 1368 navaret.
939 1334 1016 1367 Huc
1040 1332 1171 1366 accedit

32 1395 187 1442 antiquae
210 1396 293 1439 legis
316 1398 489 1440 abrogatas
513 1396 720 1431 ceremonias
746 1406 779 1430 et
800 1395 927 1442 judicia
950 1404 1170 1437 enarrantem,

32 1457 164 1492 minore
197 1458 353 1504 periculo
389 1459 425 1492 in
459 1459 635 1503 allegorias
668 1459 868 1500 excurrisse,
904 1469 939 1493 et
969 1458 1170 1493 destruxisse

32 1519 182 1561 literam,
208 1534 309 1567 quam
333 1535 411 1556 cum
435 1522 561 1556 Christi
582 1523 728 1564 decreta,
752 1531 786 1555 et
807 1521 997 1556 sanctiones
1023 1522 1170 1567 Aposto-

32 1581 164 1625 lorum,
188 1583 385 1627 dogmatum
407 1598 548 1619 suorum
570 1585 721 1618 novitate
745 1586 954 1631 depravaret.

127 1740 160 1786 ¹)
185 1740 272 1775 Edd.
296 1741 432 1776 Huetii:
457 1756 601 1789 quorum
626 1741 809 1789 correptio.
