1413 2482
198 87 241 121 46
529 87 638 121 Pam
664 88 841 121 DANJtzus
867 87 999 121 Hun'rn

196 176 390 209 hensioncm
417 178 541 209 morito
567 178 729 218 venirent,
756 178 886 222 reliqua
912 189 981 209 csse
1007 178 1204 211 damnanda.
1244 177 1330 211 llinc

197 248 305 271 ortam
330 239 548 271 seditionem:
574 252 611 271 ex
639 252 706 284 qno
734 239 985 271 contentiosum
1011 248 1043 271 et
1068 252 1199 283 pugnax
1225 240 1331 272 cervi-

197 313 355 334 cosorum
383 300 648 341 origenistarum
675 301 844 342 ingenium
869 313 1002 342 arguas;
1028 301 1085 345 qui
1108 314 1183 333 cum
1198 301 1331 346 episco-

195 376 318 408 porum
345 361 544 394 aucun-hau:
560 363 697 406 reprimi
712 376 779 394 non
798 372 945 407 possent,
970 363 1205 395 assumendum
1230 363 1329 396 fuisse

196 426 424 469 praesectum,
455 425 495 455 ab
529 437 637 468 coque
671 424 704 456 in
730 426 842 467 sugam
880 424 1051 470 conjectos
1076 424 1261 457 monachos
1285 425 1330 457 ita

195 487 364 531 dispersos
389 498 477 525 csse,
509 495 546 531 ut
580 486 762 530 propositis
789 486 908 519 edictis
932 486 1053 518 nullibi
1081 486 1264 520 consistere
1287 487 1330 519 si-

193 557 363 581 nerentur.
412 548 518 580 Addit
541 556 676 591 postea:
707 548 794 581 »Sed
821 557 930 581 tamen
948 547 1017 580 sive
1038 548 1124 580 illud
1151 561 1246 580 error
1270 557 1329 587 est,

193 621 231 643 ut
256 624 316 653 ego
342 609 469 650 senti03
501 609 567 641 sive
593 609 758 648 haeresis,
791 619 827 641 ut
852 619 1007 654 putatur,
1041 622 1109 642 non
1141 610 1253 642 solum
1278 622 1330 642 re·

193 672 295 718 priini
325 684 394 703 non
427 670 539 714 potuit
571 670 686 702 multis
719 670 1067 715 animadversionibus
1102 672 1329 711 sacerdotum,

192 735 251 768 sed
276 746 487 778 nequaquam
514 741 579 763 tam
606 731 671 764 late
696 745 730 764 se
755 732 922 776 potuisset
946 733 1134 773 effundere,
1158 733 1222 766 nisi
1247 746 1328 765 con-

192 796 346 830 tentione
374 795 562 827 crevisset.«
614 793 772 838 Denique
804 807 867 826 nec
900 795 1141 840 episcoporum
1172 795 1328 828 severita-

191 868 279 897 tem,
309 870 371 889 nec
403 857 645 888 monachorum
678 856 951 900 perduellionem
987 858 1133 901 probare
1163 869 1198 890 se
1232 856 1326 894 dicit,

193 920 298 964 Quod
323 918 405 951 mihi
428 931 504 950 sane
531 918 628 949 valde
654 918 817 961 probatur
842 917 1022 963 judicium3
1048 931 1126 951 nam
1150 918 1252 951 nimis
1275 931 1327 952 se-

192 994 269 1014 vere
294 981 328 1013 in
354 978 560 1021 origenistas
587 992 604 1011 a
629 979 824 1023 Theophilo
852 980 1043 1012 consultum
1070 990 1138 1022 est;
1169 981 1227 1013 sed
1252 993 1325 1022 gra-

191 1043 264 1076 vius
288 1051 399 1074 tamen
423 1053 578 1085 peccasse
604 1041 761 1073 videntur
783 1041 950 1081 monachi,
975 1054 993 1074 a
1011 1041 1132 1086 quibus
1148 1051 1215 1074 tam
1229 1055 1326 1087 prae-

190 1107 294 1138 fracte
315 1103 556 1148 episcoporum
581 1102 762 1135 auctoritas
786 1103 1000 1147 pessumdata
1026 1113 1084 1137 est.

281 1167 325 1199 V.
375 1165 585 1197 Anastasium
611 1163 744 1196 interim
769 1178 938 1197 summum
962 1165 1168 1198 Pontificem
1188 1177 1250 1209 per
1272 1178 1325 1211 sy-

189 1229 345 1262 nodicam
371 1226 550 1270 epistolam
574 1226 622 1258 rei
647 1235 756 1268 gestae
782 1227 960 1259 certiorem
993 1226 1075 1259 fecit
1099 1226 1323 1271 Theophilus,

189 1304 227 1323 ac
251 1290 334 1322 alios
358 1289 439 1321 item
465 1288 663 1332 episcop08,
687 1287 746 1321 sed
771 1287 1000 1332 Epiphanium
1024 1287 1256 1332 potissimum,
1279 1289 1322 1320 ad

189 1365 290 1397 quem
314 1350 448 1394 scripsit
478 1349 512 1381 in
545 1362 617 1380 eam
649 1350 866 1389 senteutiam,
904 1362 938 1382 se
971 1349 1127 1391 Origenis
1160 1351 1321 1382 colubros

187 1412 391 1455 Evangelico
417 1423 494 1443 ense
520 1419 700 1449 truncasse,
725 1419 758 1442 ct
783 1411 965 1442 secundum
987 1411 1114 1443 Nitriae
1137 1411 1321 1444 monacho-

187 1489 261 1509 rum
286 1486 403 1516 agmen
430 1472 627 1512 contagione
652 1472 810 1515 pestifera
842 1472 1019 1514 liberasse;
1049 1473 1115 1522 jam
1142 1486 1222 1507 vero
1249 1485 1320 1507 esse

187 1549 329 1582 operum
354 1534 458 1579 ipsius
484 1533 682 1577 Epiphanii,
715 1532 862 1580 Cyprios
894 1534 1074 1579 episcopos
1107 1547 1318 1578 congregare,

187 1609 220 1632 et
243 1598 321 1630 dare
354 1596 538 1638 negotium,
575 1605 612 1628 ut
646 1596 837 1637 »Origenes
869 1596 1088 1638 nominatim,
1128 1605 1161 1629 et
1191 1596 1319 1628 nefaria

186 1660 330 1693 haeresis
355 1659 643 1698 condemnetur3«
681 1657 803 1690 deiude
832 1670 912 1689 vero
944 1658 1126 1702 synodicas
1157 1657 1318 1702 epistolas

184 1723 225 1754 ad
249 1734 296 1761 se,
322 1730 354 1752 ct
378 1721 419 1752 ad
444 1721 610 1752 Joannein
637 1719 933 1765 Chrysostomum,
957 1719 1109 1764 aliosque
1135 1719 1316 1764 episcopos

183 1783 335 1824 mittere3
374 1782 473 1814 fuisse
503 1782 672 1826 perlatum
711 1782 752 1814 ad
783 1795 818 1814 se
850 1781 1057 1823 origenistas
1070 1770 1128 1813 'ex
1159 1782 1313 1826 Aegypto

182 1844 332 1890 dejectos
356 1842 523 1884 navigasse
550 1843 888 1887 Constantinopolim
921 1852 1014 1875 curet
1038 1842 1139 1884 igitur
1161 1851 1199 1874 ut
1223 1843 1313 1874 Isau-

182 1907 262 1946 riae,
287 1915 318 1938 et
344 1904 568 1948 Pamphiliac,
596 1904 848 1948 vicinarumque
874 1903 1125 1948 provinciarum
1150 1902 1312 1935 antistites

182 1980 301 2013 operas
326 1979 399 1999 suas
424 1967 465 1998 ad
492 1967 741 2011 exstirpandum
768 1964 1019 2007 origenismum
1053 1965 1238 2004 conserant,
1263 1965 1311 1996 vi-

180 2043 255 2062 rum
278 2029 425 2073 aliquem
450 2027 651 2060 industrium
685 2026 1006 2070 Constantinopolin
1030 2025 1160 2065 mittat,
1185 2025 1242 2069 qui
1267 2025 1311 2058 il-

180 2092 235 2124 luc
266 2103 350 2136 qnae
382 2098 473 2131 gesta
497 2099 573 2121 sunt
605 2091 745 2131 rescrat3
781 2101 944 2121 summam
978 2099 1046 2119 esse
1078 2087 1169 2131 apud
1193 2095 1312 2120 omnes

179 2153 213 2185 iu
245 2155 400 2198 Aegypto
435 2151 479 2183 ob
512 2150 723 2194 profligatam
762 2149 912 2183 haeresin
953 2147 1127 2181 laetitiam.
1190 2149 1311 2182 Notari

179 2214 290 2246 obiter
325 2212 426 2244 velim
457 2211 640 2257 jocularem
666 2211 834 2244 Guidonis
852 2211 883 2255 ¹)
919 2209 1121 2243 carmelitae
1147 2222 1308 2251 errorem,

272 2307 303 2350 ¹)
331 2305 398 2339 Csr.
425 2304 525 2341 Guid.
550 2307 583 2339 in
609 2319 737 2339 summa
763 2307 803 2339 de
829 2304 987 2339 haeresib.
1013 2305 1046 2338 in
1072 2304 1196 2338 haeres.
1213 2304 1305 2347 Orig.
