1422 2472
360 76 671 108 Omoemus-onom
696 74 809 107 Lmen
827 74 888 107 ΙΙΙ.
1110 75 1175 110 217

52 163 226 209 Apellem:
262 173 295 196 et
328 164 415 197 libro
439 164 471 199 2.
504 163 612 209 capite
636 163 666 198 2.
704 164 859 196 adversus
892 164 1039 196 haeresin
1073 165 1176 198 Naza-

53 238 228 258 raeorum:
254 234 286 258 ct
311 225 398 258 libro
417 225 448 261 3.
474 226 582 270 capite
607 226 637 259 1.
659 225 815 257 adversus
840 224 1033 258 Nicolaitas.
1072 225 1175 259 Libro

53 299 133 319 vero
158 287 317 327 secundo,
344 287 450 332 capite
467 288 497 321 5.
523 287 634 326 tradit,
662 286 798 328 Origeni
823 286 970 318 tribuere
994 287 1176 319 nonnullos

53 347 197 380 Parvum
215 349 464 395 Labyrinthum,
489 348 546 393 qui
571 348 657 380 liber
681 348 837 380 adversus
853 348 1071 381 Theodotum
1089 350 1177 382 Hae-

53 410 193 443 reticum
212 411 355 455 scriptus
378 419 436 443 est.
472 409 682 453 Nicephorus
702 422 836 453 quoque
858 409 946 442 libro
962 409 1013 445 10.
1039 423 1109 455 cap.
1124 410 1178 446 36.

57 471 238 514 Origenem
275 481 430 511 testatur,
466 471 597 515 scriptis
635 470 758 503 libellis
795 471 984 504 luculenter
1017 472 1179 505 refellisse

54 533 255 566 Marcellum
281 534 445 574 Galatam,
471 543 503 566 et
519 532 764 578 Porphyrium;
787 532 894 577 iisque
920 533 1012 566 libris
1036 533 1072 566 id
1096 547 1182 566 asse-

55 595 112 639 qui
138 605 295 628 conatum
322 608 390 628 esse
405 620 413 635 ‚
437 603 475 626 ut
499 593 631 626 obscuri
658 602 690 625 et
714 593 860 626 intricati
883 593 1076 638 Scripturae
1102 594 1181 634 loci,

57 657 176 700 quibus
207 658 299 690 abuti
333 657 488 689 solebant
516 654 702 693 Haeretici,
738 655 778 686 ad
810 667 926 687 verum
959 668 1090 688 sensum
1122 657 1180 688 de-

55 718 279 751 flecterentur.
333 719 411 751 Non
448 716 605 761 equidem
641 715 859 756 crediderim,
895 717 1038 750 totidem
1077 717 1180 750 libros

57 780 271 813 confutandis
287 778 471 812 Haereticis
497 777 644 810 emisisse
669 777 861 819 Origenem,
887 788 970 823 quot
983 779 1180 812 Haereticos

57 842 98 873 ab
129 854 170 874 eo
202 842 393 874 confutatos
423 848 532 872 narrat
563 839 818 881 Theodoretus3
856 841 914 872 sed
946 841 1110 885 plurimos
1144 854 1181 874 ex

56 902 122 936 illis
146 904 180 936 in
204 903 339 937 alterius
363 900 547 943 argumenti
571 901 809 946 scriptionibus
836 901 947 934 obiter
969 904 1009 935 ab
1036 903 1181 945 Origene

57 965 252 1009 perstrictos
272 964 445 1004 existimo·‚
471 964 756 1008 quemadmodum
772 964 1018 996 Heracleonem
1033 963 1065 996 in
1081 964 1183 997 Com-

58 1026 228 1058 mentariis
252 1026 286 1058 in
310 1026 474 1058 Joannem
499 1038 598 1069 saepe
622 1026 663 1057 ab
688 1038 728 1057 eo
753 1026 944 1067 sugillatum
962 1025 1124 1066 videmus,
1151 1036 1183 1058 et

58 1087 184 1132 ubique
214 1088 284 1119 fere
308 1086 540 1125 Valentinum,
570 1085 773 1126 Basilidem,
806 1096 836 1118 et
870 1086 1091 1120 Marcionem.
1140 1090 1184 1120 At

58 1148 189 1193 aliquos
219 1158 329 1181 tamen
361 1149 516 1180 adversus
540 1147 735 1179 Haereticos
769 1156 802 1180 et
826 1147 988 1180 Ethnicos
1020 1149 1182 1192 quosdam

61 1223 99 1242 ex
122 1210 275 1242 instituto
301 1209 443 1242 edidisse
470 1218 598 1242 certum
631 1219 695 1242 est:
735 1209 840 1254 qualis
873 1219 920 1242 est
951 1209 1037 1241 liber
1069 1220 1185 1244 contra

63 1271 218 1313 Celsum;
267 1272 372 1316 qualis
411 1271 477 1303 fuit
511 1271 636 1303 Parvus
676 1271 735 1302 ille
770 1270 991 1316 Labyrinthus
1030 1272 1185 1305 adversus

61 1333 296 1373 Theodotum,
327 1333 354 1366 si
378 1333 483 1365 modo
511 1332 690 1374 Origenem
716 1341 887 1365 auctorem
913 1332 1046 1374 habuit3
1079 1335 1186 1378 qualis

61 1395 125 1428 suit
143 1395 344 1428 Lucubratio
371 1395 528 1427 adversus
544 1393 761 1434 Helcesaitas,
787 1407 870 1438 quos
895 1394 1058 1438 peculiari
1083 1408 1186 1441 opere

62 1457 235 1490 convictos
259 1457 361 1489 fuisse
385 1456 566 1489 verisimile
592 1465 649 1489 est.

150 1520 192 1553 X.
240 1519 465 1564 Hieronymus
508 1518 596 1562 apud
627 1517 787 1550 Rufinum
825 1518 949 1550 Invect.
973 1517 1004 1551 2.
1042 1518 1186 1553 indicem

62 1580 225 1613 librorum
244 1580 400 1622 Origenis
425 1589 610 1624 pei-texens,
635 1579 681 1611 sic
707 1578 856 1611 disserit:
885 1579 1014 1612 »Vultis
1038 1594 1187 1623 noscere,

65 1653 185 1688 quanta
210 1642 332 1684 ingenii
357 1641 406 1674 sui
433 1640 607 1685 reliquerit
631 1639 871 1672 monumenta?
904 1640 1054 1684 Sequens
1071 1643 1186 1676 titulus

66 1705 229 1737 ostendit:
256 1703 417 1748 »Scripsit
435 1703 467 1735 in
484 1703 629 1735 Genesin
647 1702 750 1734 libros
769 1701 950 1734 tredecim:
974 1694 1186 1748 mysticarum

65 1766 291 1799 Romiliarum
317 1765 421 1797 libros
446 1765 548 1797 duos:
574 1765 607 1796 in
632 1764 751 1796 Exodo
769 1763 950 1807 Excerpta:
975 1763 1009 1796 in
1033 1766 1185 1799 Levitico

65 1827 245 1872 Excerpta:
282 1828 363 1859 item
388 1826 622 1865 Monobiblia‚
652 1830 733 1870 περὶ
759 1825 881 1870 ἀρχῶν
905 1824 1008 1858 libros
1033 1837 1188 1871 quatuor,

69 1889 110 1921 «le
133 1889 390 1922 Resurrectione
417 1888 520 1920 libros
552 1889 654 1928 duos,
686 1898 719 1920 et
751 1887 834 1919 alios
865 1887 906 1918 de
933 1887 1189 1922 Resurrectione

68 1950 229 1992 Dialogus
264 1952 386 1983 duos.«
449 1950 542 1993 Quid
577 1951 641 1983 sint
674 1949 889 1983 monobiblia
930 1948 1092 1982 incertum
1131 1961 1188 1983 est.

68 2012 224 2044 Fortasse
248 2025 316 2044 non
333 2011 502 2056 peculiare
526 2012 663 2057 aliquod
684 2011 840 2054 Origenis
866 2023 950 2054 opus
974 2010 1038 2043 hoc
1054 2013 1191 2044 nomine

70 2072 232 2114 signatur,
261 2074 318 2106 sed
350 2087 387 2106 ea
418 2074 487 2119 ejus
513 2074 702 2118 Opuscula‚
737 2086 820 2118 quae
853 2086 914 2105 nos
940 2073 1190 2118 Syntagmatum

69 2134 297 2178 appellatione
322 2135 589 2180 complectimur.
638 2135 724 2168 Cum
750 2135 837 2167 enim
855 2134 1031 2176 Exegetica
1057 2148 1192 2167 enume-

71 2204 173 2228 rasset
186 2195 419 2242 Hieronymus,
442 2207 512 2229 tum
538 2197 571 2229 in
597 2210 697 2229 unam
723 2198 858 2230 classem
880 2197 1091 2242 Syntagmata
1115 2209 1193 2229 con-

74 2256 157 2301 jicit,
183 2258 221 2289 ad
249 2270 351 2301 eaque
376 2271 434 2290 suo
461 2258 579 2291 ordine
602 2260 827 2303 percensenda
853 2258 1051 2291 accendens:
1078 2259 1193 2301 »ltem‚
