1422 2472
365 97 679 131 omnum-onum
704 97 817 131 Lmen
843 96 887 129 Π.
1150 94 1193 130 99

53 198 190 232 quoque
223 186 380 229 Origcnis
412 187 566 232 profecta
604 187 694 232 apud
725 186 817 232 ipsos
843 185 977 217 videtur
1010 196 1079 216 esse
1113 195 1194 216 con-

52 249 206 282 suetudo.

140 310 234 345 XIX.
284 311 381 345 Piam
405 311 565 344 seminam
589 309 814 344 Mechtildem
839 309 1008 342 decimum
1034 318 1189 354 quartum

54 373 225 407 saeculum
249 373 337 407 tulit.
373 372 481 420 Hujus
507 382 582 406 ante
607 385 711 405 annos
732 371 862 417 aliquot
887 370 920 404 in
938 372 1046 404 lucem
1073 372 1191 404 emissa

51 435 120 468 vita
146 445 210 477 est,
242 436 276 469 in
301 449 366 481 qua
391 436 520 469 editum
545 435 609 481 ipsi
634 434 793 468 divinitus
818 434 993 467 oraculum
1019 434 1191 479 quoddam

51 507 166 531 nostra
203 498 439 532 observatione
483 498 621 541 dignum
656 497 810 530 refertur.
873 496 1025 530 coelitus
1065 496 1191 541 quippe
1231 512 1234 515 ·

52 560 166 593 Deum
189 559 255 605 ipsi
278 560 447 594 nuntiasse
471 570 583 594 narrat
610 559 694 593 vitae
718 558 816 605 liujus
841 558 998 603 scriptor,
1025 558 1192 603 quidquid

51 621 224 663 samsoni,
255 622 451 664 Salomoni,
476 632 509 656 et
535 621 675 665 Origeni
701 621 933 655 condonatum
957 635 976 655 a
999 634 1053 662 se,
1087 630 1120 654 et
1143 621 1192 654 in-

49 684 182 718 dultum
207 693 275 727 est,
301 686 456 720 consulto
482 686 637 719 homines
664 684 803 725 celasse,
834 694 872 717 ut
896 684 946 717 rei
970 684 1070 731 hujus
1094 683 1190 727 igno-

48 746 180 781 ratione
203 748 449 794 perterresacti·
468 747 677 788 doctissimi,
709 746 980 793 prudentissimi,
1015 757 1047 781 et
1077 747 1191 780 sortis-

49 809 125 843 simi
150 809 287 857 quique,
309 824 494 858 perparum
519 812 561 845 de
585 824 631 852 se,
657 809 771 844 omnia
787 823 868 844 vero
894 810 935 842 de
953 810 1030 843 Deo
1056 823 1191 856 sperare

50 871 188 907 discant.
230 872 474 908 celebrabatur
498 874 566 908 hoc
590 873 666 920 ipso
684 882 840 918 tempore
854 873 1046 906 Bernartius
1063 871 1192 914 Guido,

48 948 68 969 a
93 948 161 981 quo
185 945 402 970 recensentur
419 934 616 979 Origeniani
634 948 776 977 errores,
803 945 836 969 et
857 935 894 969 in
917 934 1050 983 synodo
1076 934 1191 980 quinta

47 1010 113 1031 una
145 1011 222 1032 cum
251 1007 389 1033 auctore
421 998 570 1032 damnati
607 1012 678 1032 esse
712 1007 958 1032 memorantur.
1014 996 1191 1031 Posterior

47 1058 111 1092 illo
143 1059 427 1094 Bartholomaeus
457 1059 588 1093 Platina
621 1061 794 1106 praeclare
826 1060 893 1102 egit
925 1072 1000 1092 cum
1032 1059 1191 1102 Origene,

51 1129 86 1154 et
109 1121 237 1164 magnis
262 1134 339 1155 eum
364 1121 519 1155 laudibus
546 1122 728 1156 exornavit.
775 1121 924 1155 Maxima
949 1134 1028 1154 vero
1054 1121 1120 1154 suit
1142 1133 1193 1154 se-

50 1183 167 1228 quenti
196 1192 303 1217 aetate
335 1182 477 1217 Joaunis
501 1183 594 1224 Pici,
628 1183 859 1218 Mirandulani
893 1183 1055 1224 Comitis,
1085 1184 1122 1217 in
1153 1197 1190 1218 re

52 1243 198 1278 literaria
221 1246 293 1279 laus
320 1254 354 1278 et
386 1244 582 1286 celebritas,
614 1255 650 1278 ut
681 1258 791 1291 neque
824 1245 1050 1288 nobiliorem,
1081 1259 1191 1292 neque

50 1306 246 1340 doctiorem
268 1316 454 1353 patronum
478 1307 542 1340 sibi
568 1306 732 1349 Origenes
757 1317 875 1352 optare
900 1308 1063 1352 potuerit.
1100 1309 1192 1341 lntcr

49 1379 232 1412 nongentas
258 1382 336 1413 ergo
362 1368 630 1410 conclusiones,
662 1382 743 1414 quas
775 1369 933 1403 universo
967 1370 1043 1403 orbi
1075 1369 1190 1416 dispu-

48 1433 164 1465 tandas
188 1433 388 1478 proposuit,
420 1432 557 1475 insignis
589 1431 671 1465 haec
704 1441 790 1465 erat:
834 1432 1109 1465 »Rationabilius
1143 1443 1191 1465 est

48 1495 186 1527 credere
212 1494 395 1538 Origenem
422 1507 492 1527 esse
516 1495 664 1536 salvum,
690 1507 792 1539 quam
820 1495 957 1528 credere
984 1495 1096 1540 ipsum
1121 1508 1189 1528 csse

49 1557 255 1591 damnatum.
267 1572 285 1589 κ
334 1557 384 1590 Ex
416 1556 545 1599 ingenti
575 1556 636 1589 illa
659 1556 876 1590 Positionum
906 1566 996 1590 strue
1027 1557 1190 1590 tredecim

49 1618 213 1653 asteriscis
238 1618 399 1662 signatas,
432 1619 526 1665 quasi
548 1618 630 1652 fidei
655 1619 861 1653 Christianae
887 1619 1087 1660 contrarias,
1118 1619 1192 1652 Pici

48 1680 174 1714 aemuli
196 1680 457 1723 damnaverunt,
483 1681 517 1714 in
542 1681 663 1726 quibus
689 1694 727 1714 ea
752 1690 842 1724 erat,
868 1693 953 1727 quae
978 1682 1021 1714 ad
1044 1681 1188 1715 salutem

49 1742 206 1785 Origenis
242 1743 400 1789 pertinet.
461 1742 671 1787 Apologiam
702 1756 766 1789 pro
803 1756 837 1776 se
874 1756 1000 1788 suaque
1038 1743 1192 1777 doctrina

48 1804 182 1850 scripsit
206 1804 407 1839 clarissimus
431 1805 609 1851 princeps,
636 1815 671 1839 et
693 1807 835 1839 tutando
864 1805 1064 1840 Adamantio
1089 1818 1190 1851 pecu-

49 1866 131 1900 liare
156 1877 257 1913 caput
279 1867 416 1906 dicavit,
464 1868 605 1912 Septem
630 1868 718 1900 illud
750 1877 881 1902 constat
908 1867 1074 1908 articulis,
1107 1881 1191 1913 quos

49 1929 175 1962 referre
198 1929 283 1962 utile
309 1939 375 1963 est:
403 1929 460 1963 »ln
486 1930 599 1975 primo
625 1929 770 1970 videtur,
794 1942 835 1962 an
853 1929 1017 1972 Origenes
1043 1943 1191 1975 unquam

50 1990 250 2025 haereticam
275 1992 318 2025 de
347 1993 449 2025 rebus
481 1992 563 2025 fidei
596 1991 794 2037 opinionem
818 1992 993 2037 scripserit
1024 2003 1055 2025 et
1087 1992 1194 2024 credi-

52 2051 149 2085 derit.
195 2053 235 2086 In
259 2053 428 2095 secundo,
460 2053 539 2087 dato
574 2054 668 2099 quod
697 2053 888 2099 scripserit,
919 2067 961 2088 an
992 2054 1192 2096 dogmatice,

55 2113 108 2162 vel
129 2114 315 2155 adhaesive,
340 2115 394 2147 vel
418 2115 612 2160 inquisitive
638 2125 767 2149 tantum
784 2116 968 2161 scripserit.
1016 2117 1054 2148 In
1079 2115 1191 2153 tertio,

54 2175 133 2208 dato
160 2175 253 2219 quod
277 2175 464 2218 adhaesive,
489 2190 530 2210 an
554 2178 668 2211 taliter
691 2178 885 2217 adhaesioe,
913 2179 1004 2222 quod
1029 2178 1088 2209 ille
1112 2177 1192 2210 scri-

52 2235 168 2269 bendo
194 2237 384 2270 mortaliter
408 2240 608 2283 peccaverit,
635 2250 667 2272 et
692 2240 879 2272 haereticus
907 2240 974 2272 dici
1000 2239 1114 2283 possit.
1153 2241 1192 2271 ln

54 2305 193 2343 quarto,
225 2295 304 2331 dato
334 2299 427 2343 quod
452 2298 644 2345 scripserit,
677 2310 710 2333 et
732 2300 845 2333 taliter
877 2300 1067 2345 scripserit,
1099 2299 1192 2345 quod

873 2358 931 2396 7⁴0
