1422 2472
321 76 636 110 ORIGENIANORUM
662 78 774 109 Limen
793 76 853 109 ΙΙΙ.
1092 78 1159 113 239

18 167 123 210 legas:
151 165 222 199 »Eo
243 175 410 210 tempore,
436 180 503 212 quo
521 167 728 200 Hieremiam
756 166 982 211 exposuimus,
1008 181 1044 201 ea
1070 181 1155 213 quae

15 228 113 262 uobis
143 227 246 270 gratia
276 228 343 261 Dei
377 229 550 261 orantibus
581 229 678 261 vobis
709 229 825 271 largita
858 238 923 269 est,
961 230 1030 262 sive
1066 240 1155 263 certe

17 299 190 335 utcunque
215 290 390 330 sensimus,
416 303 586 336 exponere
612 291 722 323 conati
749 304 893 323 sumus.«
945 292 1033 324 Ante
1056 291 1158 333 igitur

14 351 198 386 Jeremiam
223 351 462 396 interpretatus
495 361 560 393 est,
592 366 690 398 quam
717 353 886 386 Homilias
916 353 989 386 illas
1013 353 1047 386 iu
1071 353 1157 386 Eze-

17 413 160 446 chielem
194 413 371 447 habuisset.
420 415 621 459 Necdum1)
659 415 758 448 etiam
793 417 1020 448 Numerorum
1053 414 1158 459 expli-

17 475 183 508 cationem
217 475 325 507 suerat
360 489 548 517 aggressus,
583 490 658 509 cum
682 476 866 510 Jeremiam
893 476 1054 509 Homiliis
1078 477 1157 509 illu-

15 546 152 576 straret,
178 546 214 569 ut
238 551 277 569 ex
303 538 505 571 duodecima
531 538 745 571 manifestum
773 548 830 572 est.
879 539 917 570 In
943 538 1051 583 prima
1077 551 1156 571 vero

16 612 86 632 non
122 598 231 631 multo
269 609 345 632 ante
381 613 415 632 se
453 613 621 633 enarrasse
659 600 808 632 ostendit
843 600 1041 632 sementiam
1073 600 1157 633 hanc

16 661 254 705 Sospitatoris:
284 663 380 694 »Non
399 671 446 694 est
470 663 638 707 propheta
663 662 734 694 sine
751 662 894 702 honore,
919 662 981 694 nisi
999 663 1031 694 in
1049 662 1157 706 patria

15 735 115 756 suat«
159 736 243 768 quae
276 724 546 757 cum-habeatur
573 725 692 757 matth.
720 725 827 765 XIII,
853 724 925 764 57.,
956 724 1156 770 prolixaque

15 785 109 818 illius
135 795 241 818 exstet
264 785 499 830 interpretatio
526 786 560 818 in
586 787 699 819 Tomo
717 787 760 819 X.
789 800 881 819 nuru.
909 785 961 820 16.
988 796 1020 818 et
1046 786 1096 821 18.
1121 786 1156 819 in

17 847 248 881 commentar.
274 846 308 879 in
334 848 557 888 Mamaeum,
583 849 624 880 ad
651 861 687 881 ea
712 848 834 892 procul
861 848 966 880 dubio
993 848 1158 891 Origenes

14 908 179 954 respexit:
216 922 254 941 ex
286 922 354 954 quo
388 909 551 950 efficitur,
590 910 640 942 his
665 910 926 944 Commentariis
952 910 1157 953 posteriores

16 984 86 1004 esse
103 971 272 1004 Homilias
298 971 331 1004 in
348 972 553 1014 Jeremiam3
577 985 640 1005 nec
665 973 775 1005 multo
800 982 913 1006 tamen
938 972 1158 1017 posteriores,

16 1046 92 1066 cum
125 1042 205 1077 post
236 1046 359 1066 annum
395 1034 512 1067 aetatis
548 1034 790 1076 sexagesimum
816 1034 1066 1068 Commentaria
1098 1035 1158 1067 illa

17 1094 286 1136 concinnaverit3
310 1095 484 1128 Homiliae
508 1105 620 1129 autem
645 1085 724 1128 illae
751 1108 788 1128 ex
809 1109 923 1128 earum
941 1109 1062 1137 genere
1079 1096 1158 1136 sint,

17 1169 98 1202 quas
124 1169 161 1189 ex
185 1165 341 1200 ternpore
366 1157 538 1197 recitatas,
571 1171 588 1190 a
621 1156 758 1189 notariis
793 1158 857 1190 hoc
888 1158 1037 1202 primum
1069 1166 1157 1190 tem-

15 1230 101 1263 pore
120 1218 265 1250 describi
282 1230 397 1263 passus
415 1228 475 1254 est.
507 1219 561 1251 De
581 1218 876 1252 lucubrationibus
895 1219 929 1251 in
942 1219 1157 1252 Ezechielem

115 1370 144 1414 ¹)
170 1369 351 1403 Manifeste
391 1370 445 1402 hic
489 1370 553 1402 sibi
595 1370 781 1403 contrarius
825 1379 873 1402 est
912 1370 1159 1404 illustrissimus

17 1425 173 1459 Huetius.
221 1427 306 1459 Nam
325 1426 500 1468 Origenes,
525 1436 562 1458 ut
587 1428 692 1471 paulo
719 1439 817 1471 supra
843 1426 947 1458 refert
971 1426 1043 1471 ipse
1067 1428 1160 1460 Hue·

16 1483 102 1521 tius,
133 1482 167 1514 in
193 1482 343 1524 prologo
370 1482 704 1515 Commentariorum
739 1483 771 1515 in
798 1482 974 1516 Canticum
1002 1484 1159 1517 Cantico-

16 1552 110 1577 rum,
147 1551 231 1582 quos
267 1538 300 1571 in
335 1539 443 1571 altero
482 1539 679 1572 Atheniensi
718 1552 869 1577 secessu,
906 1552 1029 1584 nempe
1069 1554 1157 1574 anno

17 1594 133 1627 aetatis
157 1608 235 1628 suae
261 1595 539 1640 quinquagesimo
576 1596 725 1628 secundo
758 1595 992 1635 inchoaverat,
1025 1609 1098 1629 suas
1122 1597 1156 1630 in

16 1651 185 1684 Numeros
218 1651 459 1696 explicationes
484 1661 670 1691 memorat,
707 1664 769 1684 nec
802 1651 913 1684 dicere
945 1652 1040 1693 licet,
1072 1650 1158 1686 Pro-

17 1707 132 1748 logum
157 1707 245 1739 hunc
265 1707 364 1749 longe
389 1716 467 1751 post
487 1708 679 1740 absolutum
699 1720 785 1751 opus
801 1706 901 1740 fuisse
917 1709 1158 1754 conscriptum.

18 1762 172 1806 Quipote
204 1763 306 1805 igitur
337 1763 391 1795 hic
425 1764 599 1797 concludit
623 1764 785 1803 Haedus,
818 1764 965 1796 necdum
991 1766 1160 1799 Numero-

17 1833 93 1852 rum
119 1819 378 1864 explicationem
405 1832 594 1861 aggressum
618 1821 719 1852 fuisse
739 1819 933 1862 Origenem,
960 1834 1036 1853 cum
1060 1821 1158 1856 Jere-

17 1876 119 1907 miam
139 1875 299 1909 Homiliis
322 1875 516 1915 illustraret,
542 1889 623 1920 quas
649 1875 851 1920 (Homilias)
877 1876 1005 1909 Huetio
1031 1877 1158 1923 judice,

17 1940 97 1976 post
122 1943 244 1964 annum
276 1932 516 1974 sexagesimum
551 1945 588 1965 ex
622 1942 776 1977 tempore
802 1933 1044 1977 pronuntiavit.
1091 1935 1158 1968 Re-

20 1999 97 2020 vera
123 1986 258 2030 quidem
282 1987 434 2020 Homilia
466 1987 500 2020 in
525 1988 650 2022 Jerem.
675 1988 754 2022 XII.
788 1988 960 2032 promittit
985 1989 1158 2033 Origenes,

20 2056 73 2083 se,
112 2042 168 2074 ubi
192 2043 292 2076 finem
328 2043 463 2076 dicendi
498 2043 647 2084 fecisset,
685 2045 725 2077 de
759 2045 1024 2078 sacerdotalibus
1055 2047 1159 2078 bene-

22 2097 244 2138 dictionibus,
275 2113 359 2144 quae
386 2100 419 2132 in
444 2100 601 2132 Numeris
627 2100 859 2141 continentur,
891 2101 1000 2133 adhuc
1024 2103 1159 2134 Iocutu-

22 2167 117 2194 rum,
143 2154 200 2186 sed
225 2153 310 2187 illud
335 2168 404 2187 non
428 2155 584 2200 impedit,
611 2169 678 2201 quo
703 2157 813 2189 minus
832 2157 911 2190 alias
938 2157 1037 2199 longe
1062 2166 1158 2190 antea

22 2209 189 2242 Homilias
226 2210 259 2241 in
290 2212 457 2244 Numeros
498 2212 620 2245 habere
658 2214 819 2257 potuerit.
867 2214 953 2246 Vide
985 2213 1157 2246 Monitum

20 2275 172 2297 nostrum
199 2264 231 2296 in
256 2265 424 2300 Exodum.
473 2269 513 2301 R.
