1413 2482
207 85 272 120 112
538 83 652 117 Perm
677 83 853 117 DAffleus
877 83 1010 118 Huzm

204 187 320 208 menso
347 175 413 207 lioc
439 186 518 216 ergo
544 173 823 206 lucubrationum
848 186 990 206 numero
1012 174 1197 221 Syntactici
1221 187 1347 209 nomen

202 237 337 271 meruit.
384 237 554 270 Futurum
587 245 701 269 autem
730 235 979 281 praesentiens,
1010 245 1050 270 ut
1072 236 1234 271 immensa
1265 238 1348 270 haec

202 300 373 334 scribendi
407 298 545 332 licentia
576 299 822 332 nonnullorum
858 299 924 332 sibi
959 299 1237 345 reprehensiones
1268 313 1349 333 con-

203 363 380 404 scisceret,
404 361 521 395 multis
547 374 622 395 eam
647 371 781 395 excusat
805 362 918 396 Tomo
937 362 976 396 V.
1002 361 1037 396 in
1060 363 1181 396 Joann.
1206 376 1298 397 num.
1315 363 1347 398 1.

201 426 233 462 2.
267 435 301 459 et
330 426 381 467 4.,
413 424 506 471 cujus
539 424 761 459 excusationis
793 425 981 468 fragmenta
1008 424 1110 459 habes
1141 425 1347 460 Philocaliae

204 502 276 534 cap.
301 489 334 524 5.

294 554 455 586 Attamen
486 551 614 595 ingenti
636 551 714 585 huic
748 551 917 585 librorum
948 551 1086 598 copiae,
1118 564 1218 597 quam
1250 551 1347 586 innu—

200 615 402 649 merabilem
426 628 496 649 esse
523 615 642 648 dicunt
663 614 834 655 nonnulli,
860 624 989 649 certum
1013 615 1072 650 alii
1094 628 1276 649 numerum
1298 628 1348 649 as—

201 679 385 722 signarunt.
446 677 658 723 Epiphanius
694 677 795 713 Haer.
825 677 879 713 64.
919 691 991 725 cap.
1022 677 1076 715 63.
1113 677 1346 725 percrebuisse

200 751 314 776 narrat
336 754 392 775 sex
409 741 578 775 librorum
601 740 710 774 millia
734 741 775 774 ab
801 754 842 774 eo
868 741 972 776 fuisse
998 741 1196 788 conscripta.
1233 742 1345 787 Atque

199 805 236 838 id
262 818 300 838 ex
324 817 360 838 se
383 804 460 850 ipso
486 804 610 845 refert,
634 816 705 837 non
731 802 770 837 e'x
794 804 996 846 Methodio,
1031 814 1070 839 ut
1092 816 1273 851 perperam
1295 816 1348 838 as-

200 877 353 902 severant
392 867 700 910 Magdeburgenses
739 866 837 901 Cent.
869 867 932 901 ΙΙΙ.
969 880 1042 913 cap.
1075 866 1130 902 10.
1189 866 1346 902 Eundem

199 930 366 974 assignant
395 942 577 963 numerum
608 928 782 962 Honorius
816 929 1127 972 Augustodunensis
1159 929 1202 963 de
1231 928 1346 974 script.

200 994 318 1028 eccles.
345 1006 417 1038 cap.
443 992 516 1032 55.,
550 999 584 1024 et
608 990 783 1025 Cedrenus
814 990 848 1024 in
881 992 1030 1033 Severo,
1061 1000 1096 1025 et
1125 1003 1163 1025 ex
1187 990 1344 1025 Cedreno

198 1056 320 1091 Suidas
351 1055 386 1089 in
419 1053 596 1097 Origene,
619 1062 652 1086 et
683 1053 806 1100 Glycas
837 1053 928 1088 Part.
949 1053 981 1090 3.
1014 1044 1135 1088 Annal.
1165 1053 1344 1088 Praeterea

198 1119 340 1152 Rufinus
366 1117 401 1151 in
425 1116 546 1150 libello
573 1116 616 1148 de
640 1115 889 1150 adulteratione
913 1116 1082 1149 librorum
1108 1115 1276 1159 Origenis,
1300 1116 1343 1150 de

197 1179 392 1226 Epiphanio
417 1179 464 1213 ita
488 1178 659 1224 loquitur:
687 1177 865 1223 »Denique
891 1177 1028 1223 quidam
1047 1190 1086 1211 ex
1108 1177 1201 1223 ipsis,
1225 1177 1285 1224 qui
1307 1191 1342 1212 se

197 1244 292 1277 velut
318 1241 566 1285 evangelizandi
588 1240 822 1275 necessitatem
846 1253 910 1286 per
934 1253 1052 1274 omnes
1075 1249 1199 1283 gentes,
1225 1249 1259 1274 et
1281 1253 1343 1286 per

198 1319 315 1339 omnes
341 1305 469 1348 linguas
493 1303 618 1336 habere
643 1312 759 1348 putat,
784 1303 825 1336 de
852 1302 998 1346 Origene
1023 1303 1111 1336 male
1136 1302 1291 1348 loquens,
1308 1303 1340 1348 ¹)

195 1382 252 1402 sex
278 1368 388 1401 millia
412 1367 579 1400 librorum
606 1365 675 1412 ejus
707 1378 742 1398 se
774 1364 891 1407 legisse
917 1364 1168 1410 quamplurima
1198 1365 1339 1398 fratrum

195 1429 415 1464 multitudine
440 1428 600 1462 audiente
626 1427 796 1461 confessus
822 1436 880 1461 est.
892 1441 909 1456 «
960 1428 1014 1460 Ad
1038 1440 1077 1460 ea
1100 1427 1340 1475 Hieronymus,

197 1493 255 1539 qui
279 1506 314 1526 se
339 1490 452 1526 omnia
478 1489 635 1533 Origenis
666 1490 805 1530 habere,
839 1488 958 1532 legisse
982 1502 1064 1523 vero
1089 1489 1340 1536 quamplurima

195 1556 340 1602 jactabat
364 1554 439 1588 libr.
461 1553 502 1588 ΙΙ.
525 1553 629 1599 Apol.
655 1566 726 1598 cap.
745 1553 795 1594 4.,
818 1553 900 1586 haec
924 1552 1061 1598 reponit
1083 1552 1165 1586 libri
1188 1552 1338 1600 ejusdem

194 1627 288 1652 sexto
314 1617 443 1663 capite:
479 1617 553 1650 »De
577 1629 634 1650 sex
658 1613 810 1650 millibus
835 1624 947 1649 autem
972 1615 1158 1655 librorum,
1188 1627 1273 1661 quos
1295 1616 1338 1648 ab

195 1694 237 1714 eo
263 1693 334 1714 esse
359 1680 466 1713 lectos
493 1669 666 1722 confingis,
693 1678 767 1724 quis
793 1678 908 1711 credat
931 1687 987 1712 aut
1011 1687 1044 1711 te
1068 1689 1188 1711 verum
1213 1677 1337 1720 dicere,

197 1753 255 1776 aut
278 1743 378 1776 illum
402 1741 553 1789 potuisse
577 1741 738 1775 mentiri?
784 1741 823 1774 Si
848 1740 937 1773 enim
963 1739 1127 1783 Origenes
1150 1752 1206 1773 sex
1229 1739 1337 1772 millia

195 1806 383 1850 scripsisset
407 1805 585 1846 librorum,
609 1812 769 1850 potuerat
794 1803 885 1844 fieri,
908 1812 947 1836 ut
970 1802 1022 1835 vir
1046 1801 1213 1842 eruditus,
1237 1810 1270 1834 et
1293 1802 1335 1834 ab

194 1868 334 1902 infantia
358 1868 459 1902 sacris
484 1866 590 1900 literis
615 1865 805 1906 institutus,
829 1878 893 1910 pro
920 1864 1115 1898 curiositate
1139 1873 1173 1896 et
1195 1863 1336 1897 scientia

194 1930 327 1974 legisset
351 1930 477 1963 aliena:
504 1929 598 1974 quod
622 1941 702 1962 vero
728 1929 788 1961 ille
811 1939 882 1960 non
905 1926 1046 1972 scripsit,
1072 1925 1247 1970 quomodo
1273 1924 1334 1958 iste

193 1993 305 2036 legere
341 1992 478 2038 potuit?
531 1993 679 2024 Numera
714 1990 842 2023 indices
878 1988 1044 2022 librorum
1081 1986 1168 2032 ejus,
1204 1987 1263 2032 qui
1299 1987 1334 2020 in

193 2056 295 2089 tertio
331 2054 502 2087 volumine
526 2052 683 2093 Eusebii,
718 2053 753 2085 in
786 2063 852 2097 quo
884 2050 1001 2084 scribit
1026 2050 1127 2083 vitam
1152 2048 1334 2095 Pamphili,

195 2119 428 2159 continentur3
457 2126 489 2149 et
513 2129 580 2149 non
607 2115 685 2147 dico
719 2127 773 2147 sex
798 2113 922 2155 millia,
955 2113 1014 2146 sed
1046 2112 1178 2145 tertiam
1202 2096 1332 2157 partem

193 2194 261 2214 non
296 2178 452 2226 reperies.
507 2178 680 2211 Habemus
717 2176 897 2221 epistolam
929 2175 1113 2220 supradicti
1149 2173 1330 2219 pontificis,

291 2306 321 2349 ¹)
347 2303 409 2336 Ed.
434 2301 556 2336 Ruaei:
583 2301 758 2347 loquendi.
