1413 2482
198 89 267 127 258
534 87 650 122 Pam
672 86 848 122 Dsunms
873 85 1005 120 Huni-u

200 183 243 216 de
269 181 415 224 Origene
450 178 583 224 scriptis
617 178 719 212 fuisse
744 177 886 220 tradita3
917 187 952 211 et
983 176 1077 222 quod
1098 174 1239 218 Dialogi
1263 173 1344 208 scri-

198 254 281 290 ptor
309 255 403 286 reges
436 242 601 288 quosdam
628 240 755 274 Christi
790 240 892 274 fidem
927 239 1118 285 amplexos,
1153 248 1187 273 et
1215 237 1345 284 templa

198 306 426 341 Etbnicorum
451 318 529 339 cum
554 303 657 338 idolis
684 316 800 336 eversa
833 312 1090 337 commemorat.
1136 301 1230 336 Nihil
1255 301 1345 335 enim

198 368 394 414 hujusmodi
421 367 577 410 Origenis
602 366 818 412 temporibus
844 366 1003 408 contigit,
1034 365 1093 399 sed
1120 364 1344 399 Constantini:

205 432 298 465 unde
313 430 456 465 Maximi
480 439 623 464 aetatem
648 428 758 476 possis
783 428 954 472 colligere.
992 426 1181 473 Ferettit1)
1206 427 1346 460 sortasse

203 494 372 529 Basiliam
398 503 432 527 et
457 493 664 537 Gregorium
687 491 825 534 Dialogi
859 492 977 525 titulus
1005 503 1131 525 nomen
1159 489 1350 524 Adamantii

202 558 419 604 praeferens,
453 557 547 603 quod
578 556 612 590 in
648 569 689 590 eo
721 555 846 602 primas
878 564 990 601 partes
1022 563 1144 589 tractet
1168 552 1352 596 Origenes;

203 621 496 667 quemadmodum
520 619 648 661 Laelii,
674 628 707 652 et
734 618 873 653 Catonis
897 618 1036 652 nomina
1060 617 1258 664 praeferunt
1282 616 1352 650 dia-

200 684 273 728 logi
299 684 343 718 de
367 682 543 723 Amicitia,
577 692 610 716 et
635 683 676 716 de
702 683 905 724 Senectute3
943 695 1012 715 non
1038 681 1131 727 quod
1166 693 1184 714 a
1207 679 1356 721 Catone,

201 747 258 781 vel
282 746 401 780 Laelio
426 745 544 792 scripti
569 746 654 787 sint,
687 746 747 779 sed
774 745 867 791 quod
894 744 1024 790 primae
1049 743 1130 790 ipsis
1157 753 1269 789 partes
1292 743 1352 776 tri-

201 811 360 844 buantur.
409 810 606 844 Mirandum
632 822 739 855 porro
765 800 835 842 non
862 817 921 848 est,
947 806 1250 853 interloquentium
1275 820 1353 853 per-

203 886 364 908 sonarum
389 872 529 906 nomina
562 885 673 919 neque
705 872 739 906 in
764 871 933 911 Eusebio,
964 883 1074 917 neque
1105 872 1140 905 in
1164 870 1354 904 Philocalia

204 949 422 984 comparere:
459 948 536 970 nam
577 949 654 970 cum
690 934 848 975 rubrico,
885 933 996 968 aliove
1034 933 1151 968 colore
1184 933 1354 981 ejusmodi

207 1000 348 1035 nomina
374 1009 408 1033 et
433 999 593 1033 lemmata
625 999 775 1032 solerent
809 996 987 1039 distingui,
1019 1010 1037 1030 a
1071 997 1216 1031 librariis
1240 1010 1357 1044 saepe-

208 1076 353 1097 numero
380 1061 552 1095 distinctio
577 1062 660 1094 haec
686 1061 918 1099 omittebatur,
942 1059 997 1091 vel
1015 1072 1076 1104 per
1101 1060 1278 1101 incuriam,
1301 1061 1357 1094 vel

210 1126 330 1172 potius
355 1125 449 1171 quod
468 1138 541 1157 eam
566 1123 600 1157 in
619 1122 835 1157 commodius
853 1121 1043 1168 rejicientes
1060 1132 1206 1169 tempus,
1222 1122 1357 1169 penitus

208 1190 360 1230 tandem,
387 1186 548 1222 obliviosi
574 1187 702 1233 quippe
727 1186 894 1227 homines,
919 1186 1237 1232 praetermitterent.
1284 1186 1358 1220 Du-

207 1253 337 1299 plicem
362 1250 610 1285 lucubrationis
643 1250 741 1297 hujus
776 1249 1093 1295 interpretationem
1118 1249 1221 1283 latina
1246 1248 1359 1282 Gene-

207 1316 323 1349 brardi
347 1316 499 1361 praefert
517 1313 635 1354 editio,
660 1313 800 1346 alteram
817 1311 987 1346 Joachimi
1005 1311 1168 1352 Perionii,
1184 1311 1358 1345 Laurentii

207 1378 385 1412 Humfridi
418 1378 569 1411 alteram.
620 1376 697 1410 Alia
723 1385 898 1421 praeterea
931 1388 949 1408 a
980 1375 1112 1408 Joanne
1144 1374 1228 1408 Pico
1254 1374 1359 1408 Sena-

208 1452 285 1476 tore
309 1440 490 1475 Parisiensi
517 1440 694 1474 lucubrata
717 1451 805 1472 anuo
822 1437 919 1474 1556.
947 1450 1100 1471 seorsum
1126 1436 1216 1471 edita
1242 1446 1357 1470 exstat.

300 1504 345 1538 X.
381 1503 500 1538 Alium
532 1493 633 1545 suos
650 1501 875 1548 origenisque
907 1500 1048 1535 nomine
1072 1499 1257 1544 Dialogum
1282 1513 1362 1547 sup-

212 1576 374 1614 posuerat
399 1565 600 1601 Haereticus
626 1565 783 1611 quidam,
803 1578 942 1598 omnem
967 1564 1048 1599 licet
1073 1577 1150 1598 cum
1175 1577 1216 1597 eo
1233 1563 1361 1609 Ephesi

210 1632 300 1665 sorte
325 1630 390 1665 sibi
414 1630 488 1664 viso
521 1641 739 1672 congressum
762 1641 801 1662 ac
834 1627 1100 1674 disputationem
1132 1627 1360 1660 detrectasset.

211 1692 388 1726 Fictitiam
420 1692 643 1738 scriptionem
674 1690 767 1725 misit
797 1691 945 1724 Romam
978 1691 1020 1723 ad
1051 1702 1130 1723 suos
1161 1688 1360 1734 discipulos,

213 1754 406 1800 passimque
433 1754 673 1798 disseminavit,
700 1764 733 1787 et
750 1753 963 1794 Antiochiae,
987 1752 1183 1798 priusquam
1200 1751 1284 1785 illuc
1308 1764 1362 1785 ac-

215 1818 353 1852 cederet
377 1817 560 1860 Origenes,
596 1818 641 1850 ob
665 1817 785 1850 salsam
808 1816 989 1850 victoriam
1011 1815 1125 1849 inanes
1151 1814 1219 1858 egit
1241 1814 1362 1848 trium-

212 1881 318 1927 phos:
349 1893 429 1914 mox
460 1893 542 1914 vero
568 1889 606 1913 ut
630 1879 730 1913 affuit
755 1878 998 1919 Adamantius,
1032 1877 1181 1912 hominis
1206 1876 1361 1912 contudit

213 1943 442 1990 proterviam,
469 1951 501 1977 et
525 1942 708 1977 vanitatem
732 1941 918 1976 manifestis
944 1940 1148 1984 argumentis
1174 1939 1332 1975 convicit.

313 2091 345 2136 ¹)
369 2089 458 2125 vide
495 2103 580 2137 quae
617 2088 761 2126 diximus
800 2089 841 2124 de
879 2089 986 2124 hocce
1021 2087 1171 2133 Dialogo
1207 2085 1360 2123 'r0m.1.

221 2148 367 2182 Praestat.
393 2159 468 2193 pag.
494 2148 546 2183 12.
573 2148 705 2191 ct13.,
737 2158 770 2182 et
801 2148 834 2181 in
866 2146 1111 2181 Admonitione
1142 2145 1221 2180 huic
1250 2145 1361 2191 Operi

217 2204 367 2250 praefixa
397 2216 472 2249 pag
496 2203 576 2240 800.
607 2203 684 2240 801.
718 2215 750 2238 et
781 2204 860 2239 802.
898 2203 1048 2251 ejusdem
1081 2203 1195 2237 Tomi.
1241 2201 1283 2237 R.
1319 2222 1358 2228 -—

219 2262 289 2295 cfr.
315 2261 368 2295 ed.
393 2268 498 2296 nostr.
524 2261 624 2295 Tom.
642 2261 733 2296 XVI.
759 2261 954 2304 Prolegom.
981 2274 1056 2306 pag.
1074 2260 1113 2296 V.
1141 2269 1172 2294 et
1196 2259 1252 2295 Vl.
1279 2258 1356 2292 coll.

217 2317 321 2363 ejusd.
349 2318 448 2352 Tom.
474 2331 548 2363 pag.
573 2317 650 2354 246.
677 2331 768 2365 seqq.
