1413 2482
211 87 278 122 228
544 84 655 116 PETRI
682 83 855 116 Daunius
880 83 1010 117 Htm'rn

213 177 360 223 quinque
385 175 516 221 priores
532 172 698 211 Psalmos,
722 181 754 204 et
777 173 944 206 Jeremiae
962 172 1116 207 Threnos
1139 173 1267 208 ibidem
1292 188 1347 209 ex-

214 238 440 284 positionibus
473 235 672 275 illustravit3
706 234 740 266 in
765 234 883 279 hisque
916 248 987 268 sese
1020 235 1126 269 libros
1155 237 1196 270 de
1223 238 1346 271 Resur-

212 301 362 333 rectione
391 298 456 343 jam
489 306 563 330 ante
589 296 776 329 elaborasse
809 296 1018 339 significavit.
1066 298 1186 330 Libros
1209 312 1345 345 quoquc

212 365 295 406 περὶ
323 361 466 406 ἀρχῶν,
500 368 533 391 et
559 363 795 404 σηκοματεῖς.
822 368 1000 404 antequam
1028 359 1227 393 Alexandria
1251 374 1345 394 exce-

212 426 323 462 deret,
356 421 561 466 composuit.
613 421 748 465 Adepto
780 420 961 464 imperium
985 420 1193 462 Wlaximino,⁴
1221 421 1346 456 librum

210 484 318 518 edidit
344 485 385 516 de
405 482 585 528 Martyrio.
627 482 678 514 Eo
706 495 786 514 vero
811 482 957 522 sublato,
982 496 1057 515 cum
1082 496 1194 516 rerum
1218 484 1346 529 potire-

211 558 265 580 tur
291 545 500 584 Gordianus,
526 545 559 576 in
587 544 704 576 lsaiam
731 553 763 576 et
788 544 1003 577 Ezechielem
1029 554 1274 584 commentatus
1299 556 1348 580 est

211 610 245 642 in
262 607 469 642 Caesariensi
487 619 630 639 secessu.
664 605 823 638 Meminit
838 616 1010 650 praeterea
1026 607 1192 640 Eusebius
1206 607 1347 648 libnvl,

209 671 294 704 Hist.
323 684 393 714 cap.
419 668 472 703 31.
509 667 675 712 epistolae
701 668 742 700 ad
769 668 983 710 Africanum,
1009 682 1072 714 qua
1097 668 1257 702 historiae
1282 670 1347 703 Su-

208 745 329 765 sannae
353 732 436 764 sides
462 739 494 763 et
518 729 699 762 auctoritas
723 740 975 779 propugnatur:
1000 740 1134 776 tempus
1159 744 1252 772 vern,
1277 745 1345 777 quo

209 795 283 827 data
322 793 392 837 ipsa
429 802 491 831 est,
530 805 598 824 non
630 791 782 833 assignat.
840 793 958 825 Refert
992 792 1080 825 illud
1111 792 1268 826 Petavius
1304 795 1345 827 ad

207 869 330 889 annum
358 854 483 886 Christi
508 853 603 892 222,
636 867 703 898 quo
737 865 824 885 anno
858 854 1038 898 imperium
1065 855 1241 899 capessivit
1265 855 1346 889 Ale-

206 918 348 957 xander;
383 929 442 948 cur
466 915 512 948 ita
546 915 702 955 sentiret,
735 915 930 960 neutiquam
964 915 1148 961 adscripsit.
1198 920 1243 950 At
1266 931 1345 951 cum

206 978 428 1014 Nicomediae
452 977 575 1021 scripta
600 976 641 1009 sit
673 986 847 1021 praesente
875 978 1074 1017 Ambrosio,
1107 978 1218 1011 datam
1249 979 1343 1013 illam

206 1041 352 1087 conjicio
378 1039 559 1083 imperium
584 1047 719 1071 tenente
734 1037 922 1078 Gordiano,
948 1052 1070 1071 annum
1088 1040 1203 1073 aetatis
1226 1052 1344 1084 agente

206 1104 354 1145 Origene
381 1101 516 1133 circiter
533 1098 847 1145 quinquagesimum
866 1101 1065 1140 secundum,
1091 1114 1165 1134 cum
1182 1102 1343 1137 Caesarea

212 1165 357 1198 Athenas
390 1163 581 1207 profectus,
613 1160 834 1194 Nicomediae
862 1161 1079 1194 Ambrosium
1112 1163 1223 1196 obiter
1251 1165 1343 1199 adiit.

205 1228 389 1271 Postquam
413 1223 569 1266 migravit
582 1223 738 1263 Athenas,
764 1223 939 1256 inchoatos
955 1223 990 1256 in
1007 1224 1224 1259 Ezechielem
1237 1227 1342 1261 Com-

205 1288 388 1321 mentarios
417 1287 458 1319 ad
483 1285 685 1318 umbilicum
715 1285 890 1330 perduxit:
922 1285 1054 1318 Cantici
1078 1300 1158 1319 vero
1185 1288 1343 1322 Cantico-

204 1364 278 1383 rum
305 1348 550 1394 expositionem
576 1360 763 1389 aggressus,
790 1347 972 1380 lucubratis
996 1347 1166 1392 prioribus
1191 1350 1339 1396 quinque

205 1412 310 1451 libris,
334 1411 485 1456 reliquos
511 1409 657 1454 quinque
686 1409 883 1443 Caesaream
909 1409 1012 1441 redux
1038 1410 1192 1444 absolvit.
1240 1412 1340 1445 Anno

203 1472 358 1518 Philippi
381 1471 482 1505 tertio
506 1469 754 1513 sexagenarium
785 1483 908 1503 annum
933 1480 1196 1515 praetergressus
1219 1473 1341 1506 Homi-

204 1536 263 1569 lias
288 1548 326 1568 ex
351 1547 409 1576 ore
433 1546 506 1573 suo,
532 1533 613 1565 dum
639 1532 908 1572 concionaretur,
933 1545 952 1565 a
974 1533 1114 1566 notariis
1135 1534 1244 1580 excipi
1268 1545 1339 1569 tum

202 1597 352 1643 primum
376 1609 490 1640 passus
515 1604 575 1627 est.
602 1594 721 1645 §Unde
747 1585 887 1633 constat,
911 1595 1045 1641 bonam!
1063 1607 1177 1628 earum
1194 1606 1337 1641 partem,

203 1671 287 1703 quae
312 1659 353 1690 ad
387 1667 535 1690 nostram
567 1666 710 1689 aetatem
741 1656 952 1689 transmissae
977 1665 1070 1696 sunt,
1096 1669 1164 1689 non
1198 1659 1240 1690 ab
1269 1659 1337 1692 alio

202 1733 271 1753 esse
297 1728 453 1763 tempore
477 1718 686 1763 repetendas.
734 1717 885 1750 Homilia
909 1726 992 1761 puta
1014 1717 1048 1749 in
1073 1717 1245 1752 Psalmum
1269 1720 1337 1761 82,

202 1780 295 1826 cujus
319 1780 543 1821 fragmentum
569 1793 606 1812 ex
632 1779 779 1812 Eusebio
806 1778 1069 1823 depromsimus,
1103 1781 1259 1815 adversus
1285 1795 1337 1815 er-

200 1855 314 1875 rorem
339 1841 605 1873 Helcesaitarum
632 1842 692 1873 hac
717 1849 824 1873 aetate
850 1849 1002 1872 exortum
1026 1840 1139 1874 habita
1164 1853 1222 1876 est.
1265 1844 1336 1877 Hac

201 1905 272 1949 ipsa
297 1912 497 1947 tempestate
511 1903 647 1936 Celsum
673 1902 766 1935 libris
786 1911 864 1934 octo
891 1903 1094 1945 confutavit3
1121 1903 1152 1936 in
1172 1905 1334 1938 Matthaei

201 1964 441 2006 Evangelium,
470 1973 502 1996 et
531 1965 715 2008 prophetas
748 1963 930 1996 duodecim
957 1965 1227 1999 Commentarios
1253 1980 1334 2000 con-

202 2026 364 2065 cinnavit,
397 2025 558 2069 plurimas
583 2025 684 2058 etiam
717 2024 875 2069 epistolas
900 2025 941 2057 ad
966 2025 1164 2071 Philippum
1189 2027 1334 2073 impera-

200 2099 322 2128 torem,
347 2097 380 2120 et
403 2088 444 2119 ad
463 2086 637 2131 conjugem
658 2086 761 2131 ipsius
775 2086 946 2127 severam,
971 2088 1122 2133 aliosque
1140 2090 1333 2134 complures

201 2150 310 2190 dedit,
342 2162 426 2194 quae
451 2148 590 2193 sparsim
622 2148 654 2180 in
683 2161 723 2181 eo
750 2149 837 2181 libro
863 2149 1002 2182 Eusebii
1028 2150 1096 2183 suis
1120 2152 1331 2196 temporibus

199 2212 411 2253 assignantur.

290 2274 329 2305 Η,
368 2272 607 2316 Tetraplorum
633 2280 665 2303 et
681 2271 922 2315 Hexaplorum,
949 2285 1095 2317 quorum
1119 2273 1325 2306 mentionem
