<?xml version="1.0" encoding="UTF-8"?>
<!DOCTYPE html PUBLIC "-//W3C//DTD XHTML 1.0 Transitional//EN"
    "http://www.w3.org/TR/xhtml1/DTD/xhtml1-transitional.dtd">
<html xmlns="http://www.w3.org/1999/xhtml" xml:lang="en" lang="en">
 <head>
  <title>
</title>
<meta http-equiv="Content-Type" content="text/html;charset=utf-8" />
  <meta name='ocr-system' content='tesseract 3.04.00' />
  <meta name='ocr-capabilities' content='ocr_page ocr_carea ocr_par ocr_line ocrx_word'/>
</head>
<body>
  <div class='ocr_page' id='page_1' title='image "./operaomniaquaegr24orig/operaomniaquaegr24orig_0167.png"; bbox 0 0 1422 2472; ppageno 0'>
   <div class='ocr_carea' id='block_1_1' title="bbox 387 102 1218 141">
    <p class='ocr_par' dir='ltr' id='par_1_1' title="bbox 387 102 1218 141">
     <span class='ocr_line' id='line_1_1' title="bbox 387 102 1218 141; baseline 0.006 -5"><span class='ocrx_word' id='word_1_1' title='bbox 387 102 700 137; x_wconf 57' lang='lat' dir='ltr'>Ome-‚emmonum</span> <span class='ocrx_word' id='word_1_2' title='bbox 733 104 846 137; x_wconf 72' lang='lat' dir='ltr'>Lmzn</span> <span class='ocrx_word' id='word_1_3' title='bbox 861 104 921 137; x_wconf 85' lang='grc' dir='ltr'><strong>ΙΙΙ.</strong></span> <span class='ocrx_word' id='word_1_4' title='bbox 1154 105 1218 141; x_wconf 84' lang='grc'>155</span> 
     </span>
    </p>
   </div>
   <div class='ocr_carea' id='block_1_2' title="bbox 72 193 1220 2108">
    <p class='ocr_par' dir='ltr' id='par_1_2' title="bbox 81 193 1218 301">
     <span class='ocr_line' id='line_1_2' title="bbox 83 193 1218 235; baseline 0.001 -8"><span class='ocrx_word' id='word_1_5' title='bbox 83 207 154 227; x_wconf 82' lang='lat' dir='ltr'>cam</span> <span class='ocrx_word' id='word_1_6' title='bbox 180 203 302 235; x_wconf 76' lang='lat' dir='ltr'>exstat3</span> <span class='ocrx_word' id='word_1_7' title='bbox 325 194 384 226; x_wconf 83' lang='lat' dir='ltr'>sed</span> <span class='ocrx_word' id='word_1_8' title='bbox 410 193 611 226; x_wconf 80' lang='lat' dir='ltr'>Catenarum</span> <span class='ocrx_word' id='word_1_9' title='bbox 635 194 820 235; x_wconf 81' lang='lat' dir='ltr'>fragmenta</span> <span class='ocrx_word' id='word_1_10' title='bbox 844 205 1017 226; x_wconf 87' lang='lat' dir='ltr'>recensere</span> <span class='ocrx_word' id='word_1_11' title='bbox 1042 194 1140 227; x_wconf 89' lang='lat' dir='ltr'>nobis</span> <span class='ocrx_word' id='word_1_12' title='bbox 1163 195 1218 228; x_wconf 89' lang='lat' dir='ltr'>hic</span> 
     </span>
     <span class='ocr_line' id='line_1_3' title="bbox 81 256 474 301; baseline 0.003 -13"><span class='ocrx_word' id='word_1_13' title='bbox 81 256 297 301; x_wconf 84' lang='lat' dir='ltr'>propositum</span> <span class='ocrx_word' id='word_1_14' title='bbox 320 268 390 288; x_wconf 86' lang='lat' dir='ltr'>non</span> <span class='ocrx_word' id='word_1_15' title='bbox 414 265 474 289; x_wconf 88' lang='lat' dir='ltr'>est.</span> 
     </span>
    </p>

    <p class='ocr_par' dir='ltr' id='par_1_3' title="bbox 72 315 1220 2108">
     <span class='ocr_line' id='line_1_4' title="bbox 173 315 1219 364; baseline 0.003 -15"><span class='ocrx_word' id='word_1_16' title='bbox 173 316 249 350; x_wconf 80' lang='lat' dir='ltr'><strong>Vll.</strong></span> <span class='ocrx_word' id='word_1_17' title='bbox 295 317 325 350; x_wconf 93' lang='lat' dir='ltr'><strong>E</strong></span> <span class='ocrx_word' id='word_1_18' title='bbox 362 330 466 362; x_wconf 73' lang='lat' dir='ltr'>parvo</span> <span class='ocrx_word' id='word_1_19' title='bbox 498 317 611 350; x_wconf 90' lang='lat' dir='ltr'>Tomo</span> <span class='ocrx_word' id='word_1_20' title='bbox 651 316 685 349; x_wconf 88' lang='lat' dir='ltr'>in</span> <span class='ocrx_word' id='word_1_21' title='bbox 719 315 915 358; x_wconf 80' lang='lat' dir='ltr'>Canticum,</span> <span class='ocrx_word' id='word_1_22' title='bbox 957 330 1060 363; x_wconf 83' lang='lat' dir='ltr'>quem</span> <span class='ocrx_word' id='word_1_23' title='bbox 1089 317 1219 364; x_wconf 83' lang='lat' dir='ltr'>juvenis</span> 
     </span>
     <span class='ocr_line' id='line_1_5' title="bbox 80 377 1219 424; baseline 0.004 -14"><span class='ocrx_word' id='word_1_24' title='bbox 80 377 258 422; x_wconf 78' lang='lat' dir='ltr'>scripserat</span> <span class='ocrx_word' id='word_1_25' title='bbox 282 377 464 420; x_wconf 81' lang='lat' dir='ltr'>Origenes,</span> <span class='ocrx_word' id='word_1_26' title='bbox 494 378 695 424; x_wconf 80' lang='lat' dir='ltr'><strong>particulam</strong></span> <span class='ocrx_word' id='word_1_27' title='bbox 721 379 889 424; x_wconf 86' lang='lat' dir='ltr'>quandam</span> <span class='ocrx_word' id='word_1_28' title='bbox 914 380 1075 414; x_wconf 88' lang='lat' dir='ltr'>habemus</span> <span class='ocrx_word' id='word_1_29' title='bbox 1099 380 1219 414; x_wconf 84' lang='lat' dir='ltr'>Philo-</span> 
     </span>
     <span class='ocr_line' id='line_1_6' title="bbox 82 438 1220 485; baseline 0.004 -14"><span class='ocrx_word' id='word_1_30' title='bbox 82 438 185 471; x_wconf 83' lang='lat' dir='ltr'>caliae</span> <span class='ocrx_word' id='word_1_31' title='bbox 212 439 320 485; x_wconf 85' lang='lat' dir='ltr'>capite</span> <span class='ocrx_word' id='word_1_32' title='bbox 343 440 500 485; x_wconf 86' lang='lat' dir='ltr'>septimo.</span> <span class='ocrx_word' id='word_1_33' title='bbox 547 440 576 472; x_wconf 88' lang='lat' dir='ltr'>E</span> <span class='ocrx_word' id='word_1_34' title='bbox 607 441 756 473; x_wconf 89' lang='lat' dir='ltr'>secundo</span> <span class='ocrx_word' id='word_1_35' title='bbox 790 454 870 474; x_wconf 82' lang='lat' dir='ltr'>vero</span> <span class='ocrx_word' id='word_1_36' title='bbox 898 442 1011 475; x_wconf 86' lang='lat' dir='ltr'>Tomo</span> <span class='ocrx_word' id='word_1_37' title='bbox 1037 441 1220 476; x_wconf 88' lang='lat' dir='ltr'>Commen-</span> 
     </span>
     <span class='ocr_line' id='line_1_7' title="bbox 83 500 1219 546; baseline 0.004 -13"><span class='ocrx_word' id='word_1_38' title='bbox 83 500 258 541; x_wconf 86' lang='lat' dir='ltr'>tariorum,</span> <span class='ocrx_word' id='word_1_39' title='bbox 283 514 369 546; x_wconf 85' lang='lat' dir='ltr'>quos</span> <span class='ocrx_word' id='word_1_40' title='bbox 391 503 510 535; x_wconf 86' lang='lat' dir='ltr'>decem</span> <span class='ocrx_word' id='word_1_41' title='bbox 534 502 766 535; x_wconf 81' lang='lat' dir='ltr'>voluminibus</span> <span class='ocrx_word' id='word_1_42' title='bbox 783 503 944 545; x_wconf 82' lang='lat' dir='ltr'>grandior</span> <span class='ocrx_word' id='word_1_43' title='bbox 967 513 1048 537; x_wconf 84' lang='lat' dir='ltr'>natu</span> <span class='ocrx_word' id='word_1_44' title='bbox 1071 504 1219 546; x_wconf 78' lang='lat' dir='ltr'>digessit,</span> 
     </span>
     <span class='ocr_line' id='line_1_8' title="bbox 80 561 1219 610; baseline 0.004 -15"><span class='ocrx_word' id='word_1_45' title='bbox 80 561 173 596; x_wconf 86' lang='lat' dir='ltr'>aliud</span> <span class='ocrx_word' id='word_1_46' title='bbox 196 571 407 605; x_wconf 83' lang='lat' dir='ltr'>segmentum</span> <span class='ocrx_word' id='word_1_47' title='bbox 427 563 616 609; x_wconf 86' lang='lat' dir='ltr'>reperimus</span> <span class='ocrx_word' id='word_1_48' title='bbox 648 563 809 607; x_wconf 83' lang='lat' dir='ltr'>vigesimo</span> <span class='ocrx_word' id='word_1_49' title='bbox 842 574 935 598; x_wconf 82' lang='lat' dir='ltr'>sexto</span> <span class='ocrx_word' id='word_1_50' title='bbox 969 566 1077 610; x_wconf 87' lang='lat' dir='ltr'>capite</span> <span class='ocrx_word' id='word_1_51' title='bbox 1101 565 1219 600; x_wconf 88' lang='lat' dir='ltr'>Philo-</span> 
     </span>
     <span class='ocr_line' id='line_1_9' title="bbox 82 623 1220 669; baseline 0.004 -13"><span class='ocrx_word' id='word_1_52' title='bbox 82 623 208 666; x_wconf 87' lang='lat' dir='ltr'>caliae,</span> <span class='ocrx_word' id='word_1_53' title='bbox 243 636 327 669; x_wconf 87' lang='lat' dir='ltr'>quae</span> <span class='ocrx_word' id='word_1_54' title='bbox 352 624 387 659; x_wconf 86' lang='lat' dir='ltr'>in</span> <span class='ocrx_word' id='word_1_55' title='bbox 412 638 452 658; x_wconf 90' lang='lat' dir='ltr'>eo</span> <span class='ocrx_word' id='word_1_56' title='bbox 477 625 579 659; x_wconf 83' lang='lat' dir='ltr'>finem</span> <span class='ocrx_word' id='word_1_57' title='bbox 606 625 696 660; x_wconf 80' lang='lat' dir='ltr'>facit.</span> <span class='ocrx_word' id='word_1_58' title='bbox 743 626 942 660; x_wconf 83' lang='lat' dir='ltr'><strong>Eorundem</strong></span> <span class='ocrx_word' id='word_1_59' title='bbox 968 639 1048 660; x_wconf 82' lang='lat' dir='ltr'>vero</span> <span class='ocrx_word' id='word_1_60' title='bbox 1074 627 1220 661; x_wconf 83' lang='lat' dir='ltr'>volumi--</span> 
     </span>
     <span class='ocr_line' id='line_1_10' title="bbox 81 686 1217 733; baseline 0.004 -15"><span class='ocrx_word' id='word_1_61' title='bbox 81 698 161 718; x_wconf 90' lang='lat' dir='ltr'>num</span> <span class='ocrx_word' id='word_1_62' title='bbox 186 686 304 718; x_wconf 85' lang='lat' dir='ltr'>decem</span> <span class='ocrx_word' id='word_1_63' title='bbox 327 686 534 730; x_wconf 81' lang='lat' dir='ltr'>Prologum,</span> <span class='ocrx_word' id='word_1_64' title='bbox 562 701 639 720; x_wconf 81' lang='lat' dir='ltr'>cum</span> <span class='ocrx_word' id='word_1_65' title='bbox 663 687 879 733; x_wconf 87' lang='lat' dir='ltr'>sequentium</span> <span class='ocrx_word' id='word_1_66' title='bbox 903 689 1094 722; x_wconf 89' lang='lat' dir='ltr'>Tomorum</span> <span class='ocrx_word' id='word_1_67' title='bbox 1119 689 1217 723; x_wconf 84' lang='lat' dir='ltr'>initio</span> 
     </span>
     <span class='ocr_line' id='line_1_11' title="bbox 79 747 1217 797; baseline 0.004 -17"><span class='ocrx_word' id='word_1_68' title='bbox 79 747 179 781; x_wconf 84' lang='lat' dir='ltr'>latina</span> <span class='ocrx_word' id='word_1_69' title='bbox 204 747 371 791; x_wconf 34' lang='lat' dir='ltr'>Origenis-</span> <span class='ocrx_word' id='word_1_70' title='bbox 392 759 623 794; x_wconf 81' lang='lat' dir='ltr'>repraesentat</span> <span class='ocrx_word' id='word_1_71' title='bbox 654 750 780 791; x_wconf 87' lang='lat' dir='ltr'>editio,</span> <span class='ocrx_word' id='word_1_72' title='bbox 809 764 828 784; x_wconf 84' lang='lat' dir='ltr'>a</span> <span class='ocrx_word' id='word_1_73' title='bbox 859 752 984 784; x_wconf 84' lang='lat' dir='ltr'>Rufino</span> <span class='ocrx_word' id='word_1_74' title='bbox 1015 751 1217 797; x_wconf 79' lang='lat' dir='ltr'>interpreta—</span> 
     </span>
     <span class='ocr_line' id='line_1_12' title="bbox 75 810 1217 858; baseline 0.004 -16"><span class='ocrx_word' id='word_1_75' title='bbox 75 818 160 850; x_wconf 84' lang='lat' dir='ltr'>tum,</span> <span class='ocrx_word' id='word_1_76' title='bbox 183 810 244 843; x_wconf 86' lang='lat' dir='ltr'>sed</span> <span class='ocrx_word' id='word_1_77' title='bbox 269 811 518 852; x_wconf 75' lang='lat' dir='ltr'>deformatum,</span> <span class='ocrx_word' id='word_1_78' title='bbox 551 821 584 844; x_wconf 87' lang='lat' dir='ltr'>et</span> <span class='ocrx_word' id='word_1_79' title='bbox 613 825 678 857; x_wconf 87' lang='lat' dir='ltr'>pro</span> <span class='ocrx_word' id='word_1_80' title='bbox 709 812 871 846; x_wconf 87' lang='lat' dir='ltr'>Homiliis</span> <span class='ocrx_word' id='word_1_81' title='bbox 895 826 1075 858; x_wconf 77' lang='lat' dir='ltr'>perperam</span> <span class='ocrx_word' id='word_1_82' title='bbox 1100 814 1217 847; x_wconf 79' lang='lat' dir='ltr'>vendi-</span> 
     </span>
     <span class='ocr_line' id='line_1_13' title="bbox 77 872 1217 915; baseline 0.004 -10"><span class='ocrx_word' id='word_1_83' title='bbox 77 880 192 906; x_wconf 81' lang='lat' dir='ltr'>tatum.</span> <span class='ocrx_word' id='word_1_84' title='bbox 240 872 310 908; x_wconf 89' lang='lat' dir='ltr'>Cur</span> <span class='ocrx_word' id='word_1_85' title='bbox 333 873 379 907; x_wconf 84' lang='lat' dir='ltr'>ita</span> <span class='ocrx_word' id='word_1_86' title='bbox 403 873 554 915; x_wconf 83' lang='lat' dir='ltr'>sentiam,</span> <span class='ocrx_word' id='word_1_87' title='bbox 581 887 710 908; x_wconf 77' lang='lat' dir='ltr'>caussas</span> <span class='ocrx_word' id='word_1_88' title='bbox 735 876 877 908; x_wconf 84' lang='lat' dir='ltr'>afferam</span> <span class='ocrx_word' id='word_1_89' title='bbox 892 876 1051 910; x_wconf 84' lang='lat' dir='ltr'>adversus</span> <span class='ocrx_word' id='word_1_90' title='bbox 1071 877 1217 910; x_wconf 89' lang='lat' dir='ltr'>nonnul-</span> 
     </span>
     <span class='ocr_line' id='line_1_14' title="bbox 76 934 1216 985; baseline 0.005 -19"><span class='ocrx_word' id='word_1_91' title='bbox 76 934 145 975; x_wconf 90' lang='lat' dir='ltr'>los,</span> <span class='ocrx_word' id='word_1_92' title='bbox 175 934 233 980; x_wconf 89' lang='lat' dir='ltr'>qui</span> <span class='ocrx_word' id='word_1_93' title='bbox 266 935 307 968; x_wconf 92' lang='lat' dir='ltr'>de</span> <span class='ocrx_word' id='word_1_94' title='bbox 341 935 465 981; x_wconf 83' lang='lat' dir='ltr'>Operis</span> <span class='ocrx_word' id='word_1_95' title='bbox 495 935 593 983; x_wconf 86' lang='lat' dir='ltr'>hujus</span> <span class='ocrx_word' id='word_1_96' title='bbox 625 947 763 971; x_wconf 80' lang='lat' dir='ltr'>auctore</span> <span class='ocrx_word' id='word_1_97' title='bbox 795 938 880 972; x_wconf 81' lang='lat' dir='ltr'>falsa</span> <span class='ocrx_word' id='word_1_98' title='bbox 902 948 1087 973; x_wconf 83' lang='lat' dir='ltr'>senserunt.</span> <span class='ocrx_word' id='word_1_99' title='bbox 1134 938 1216 985; x_wconf 85' lang='lat' dir='ltr'>Ejus</span> 
     </span>
     <span class='ocr_line' id='line_1_15' title="bbox 76 996 1216 1046; baseline 0.004 -17"><span class='ocrx_word' id='word_1_100' title='bbox 76 996 214 1042; x_wconf 84' lang='lat' dir='ltr'>quidem</span> <span class='ocrx_word' id='word_1_101' title='bbox 238 997 385 1043; x_wconf 81' lang='lat' dir='ltr'>scriptor</span> <span class='ocrx_word' id='word_1_102' title='bbox 409 1011 480 1032; x_wconf 88' lang='lat' dir='ltr'>esse</span> <span class='ocrx_word' id='word_1_103' title='bbox 505 998 670 1042; x_wconf 81' lang='lat' dir='ltr'>Origenes</span> <span class='ocrx_word' id='word_1_104' title='bbox 695 1012 734 1033; x_wconf 86' lang='lat' dir='ltr'>ex</span> <span class='ocrx_word' id='word_1_105' title='bbox 756 999 834 1033; x_wconf 87' lang='lat' dir='ltr'>stilo</span> <span class='ocrx_word' id='word_1_106' title='bbox 866 1000 1150 1046; x_wconf 81' lang='lat' dir='ltr'>deprehenditur,</span> <span class='ocrx_word' id='word_1_107' title='bbox 1182 1010 1216 1034; x_wconf 87' lang='lat' dir='ltr'>et</span> 
     </span>
     <span class='ocr_line' id='line_1_16' title="bbox 77 1059 1213 1108; baseline 0.004 -17"><span class='ocrx_word' id='word_1_108' title='bbox 77 1072 114 1092; x_wconf 77' lang='lat' dir='ltr'>ex</span> <span class='ocrx_word' id='word_1_109' title='bbox 139 1059 328 1102; x_wconf 80' lang='lat' dir='ltr'>allegoricis</span> <span class='ocrx_word' id='word_1_110' title='bbox 359 1069 392 1093; x_wconf 86' lang='lat' dir='ltr'>et</span> <span class='ocrx_word' id='word_1_111' title='bbox 424 1060 647 1105; x_wconf 83' lang='lat' dir='ltr'>tropologicis</span> <span class='ocrx_word' id='word_1_112' title='bbox 681 1061 970 1107; x_wconf 85' lang='lat' dir='ltr'>expositionibus,</span> <span class='ocrx_word' id='word_1_113' title='bbox 1004 1062 1038 1095; x_wconf 91' lang='lat' dir='ltr'>in</span> <span class='ocrx_word' id='word_1_114' title='bbox 1064 1076 1144 1108; x_wconf 83' lang='lat' dir='ltr'>quas</span> <span class='ocrx_word' id='word_1_115' title='bbox 1171 1064 1213 1096; x_wconf 86' lang='lat' dir='ltr'>ab</span> 
     </span>
     <span class='ocr_line' id='line_1_17' title="bbox 77 1120 1213 1168; baseline 0.004 -15"><span class='ocrx_word' id='word_1_116' title='bbox 77 1120 244 1154; x_wconf 81' lang='lat' dir='ltr'>historicis</span> <span class='ocrx_word' id='word_1_117' title='bbox 270 1122 424 1155; x_wconf 85' lang='lat' dir='ltr'>excurrit.</span> <span class='ocrx_word' id='word_1_118' title='bbox 472 1123 511 1154; x_wconf 90' lang='lat' dir='ltr'>Id</span> <span class='ocrx_word' id='word_1_119' title='bbox 537 1124 684 1167; x_wconf 86' lang='lat' dir='ltr'>probant</span> <span class='ocrx_word' id='word_1_120' title='bbox 700 1132 874 1168; x_wconf 85' lang='lat' dir='ltr'>praeterea</span> <span class='ocrx_word' id='word_1_121' title='bbox 888 1124 1073 1158; x_wconf 87' lang='lat' dir='ltr'>sententiae</span> <span class='ocrx_word' id='word_1_122' title='bbox 1098 1138 1213 1158; x_wconf 90' lang='lat' dir='ltr'>earum</span> 
     </span>
     <span class='ocr_line' id='line_1_18' title="bbox 78 1182 1215 1229; baseline 0.004 -14"><span class='ocrx_word' id='word_1_123' title='bbox 78 1182 270 1215; x_wconf 87' lang='lat' dir='ltr'>consimiles</span> <span class='ocrx_word' id='word_1_124' title='bbox 295 1192 328 1216; x_wconf 84' lang='lat' dir='ltr'>et</span> <span class='ocrx_word' id='word_1_125' title='bbox 351 1195 537 1225; x_wconf 81' lang='lat' dir='ltr'>germanae,</span> <span class='ocrx_word' id='word_1_126' title='bbox 563 1197 650 1229; x_wconf 86' lang='lat' dir='ltr'>quae</span> <span class='ocrx_word' id='word_1_127' title='bbox 675 1184 709 1217; x_wconf 90' lang='lat' dir='ltr'>in</span> <span class='ocrx_word' id='word_1_128' title='bbox 735 1186 863 1218; x_wconf 87' lang='lat' dir='ltr'>duabus</span> <span class='ocrx_word' id='word_1_129' title='bbox 887 1185 1046 1219; x_wconf 88' lang='lat' dir='ltr'>Homiliis</span> <span class='ocrx_word' id='word_1_130' title='bbox 1071 1187 1113 1219; x_wconf 89' lang='lat' dir='ltr'>ab</span> <span class='ocrx_word' id='word_1_131' title='bbox 1133 1186 1215 1220; x_wconf 81' lang='lat' dir='ltr'>Hie-</span> 
     </span>
     <span class='ocr_line' id='line_1_19' title="bbox 75 1246 1214 1293; baseline 0.003 -15"><span class='ocrx_word' id='word_1_132' title='bbox 75 1258 220 1291; x_wconf 80' lang='lat' dir='ltr'>ronymo</span> <span class='ocrx_word' id='word_1_133' title='bbox 253 1246 422 1278; x_wconf 84' lang='lat' dir='ltr'>conversis</span> <span class='ocrx_word' id='word_1_134' title='bbox 456 1255 655 1279; x_wconf 82' lang='lat' dir='ltr'>occurrunt:</span> <span class='ocrx_word' id='word_1_135' title='bbox 699 1246 1002 1291; x_wconf 82' lang='lat' dir='ltr'>»Epithalamium,</span> <span class='ocrx_word' id='word_1_136' title='bbox 1038 1247 1148 1293; x_wconf 88' lang='lat' dir='ltr'>inquit</span> <span class='ocrx_word' id='word_1_137' title='bbox 1180 1248 1214 1281; x_wconf 88' lang='lat' dir='ltr'>in</span> 
     </span>
     <span class='ocr_line' id='line_1_20' title="bbox 74 1307 1211 1354; baseline 0.003 -14"><span class='ocrx_word' id='word_1_138' title='bbox 74 1307 217 1350; x_wconf 82' lang='lat' dir='ltr'>Prologi</span> <span class='ocrx_word' id='word_1_139' title='bbox 241 1307 360 1348; x_wconf 85' lang='lat' dir='ltr'>initio,</span> <span class='ocrx_word' id='word_1_140' title='bbox 384 1307 520 1341; x_wconf 86' lang='lat' dir='ltr'>libellus</span> <span class='ocrx_word' id='word_1_141' title='bbox 547 1308 613 1352; x_wconf 87' lang='lat' dir='ltr'>hic,</span> <span class='ocrx_word' id='word_1_142' title='bbox 639 1308 675 1341; x_wconf 89' lang='lat' dir='ltr'>id</span> <span class='ocrx_word' id='word_1_143' title='bbox 701 1318 758 1350; x_wconf 86' lang='lat' dir='ltr'>est,</span> <span class='ocrx_word' id='word_1_144' title='bbox 782 1309 934 1354; x_wconf 84' lang='lat' dir='ltr'>nuptiale</span> <span class='ocrx_word' id='word_1_145' title='bbox 959 1322 1111 1350; x_wconf 80' lang='lat' dir='ltr'>carmen,</span> <span class='ocrx_word' id='word_1_146' title='bbox 1136 1310 1211 1344; x_wconf 85' lang='lat' dir='ltr'>dra-</span> 
     </span>
     <span class='ocr_line' id='line_1_21' title="bbox 75 1369 1213 1418; baseline 0.004 -16"><span class='ocrx_word' id='word_1_147' title='bbox 75 1369 174 1402; x_wconf 81' lang='lat' dir='ltr'>matis</span> <span class='ocrx_word' id='word_1_148' title='bbox 191 1369 220 1414; x_wconf 89' lang='lat'>¹)</span> <span class='ocrx_word' id='word_1_149' title='bbox 246 1369 279 1402; x_wconf 90' lang='lat' dir='ltr'>iu</span> <span class='ocrx_word' id='word_1_150' title='bbox 303 1370 447 1402; x_wconf 90' lang='lat' dir='ltr'>modum</span> <span class='ocrx_word' id='word_1_151' title='bbox 471 1369 555 1402; x_wconf 85' lang='lat' dir='ltr'>mihi</span> <span class='ocrx_word' id='word_1_152' title='bbox 580 1370 715 1404; x_wconf 73' lang='lat' dir='ltr'>videtur</span> <span class='ocrx_word' id='word_1_153' title='bbox 738 1385 757 1404; x_wconf 77' lang='lat' dir='ltr'>a</span> <span class='ocrx_word' id='word_1_154' title='bbox 780 1371 964 1405; x_wconf 84' lang='lat' dir='ltr'>Salomone</span> <span class='ocrx_word' id='word_1_155' title='bbox 991 1373 1213 1418; x_wconf 87' lang='lat' dir='ltr'>conscriptus,</span> 
     </span>
     <span class='ocr_line' id='line_1_22' title="bbox 75 1432 1213 1480; baseline 0.004 -16"><span class='ocrx_word' id='word_1_156' title='bbox 75 1443 176 1476; x_wconf 87' lang='lat' dir='ltr'>quem</span> <span class='ocrx_word' id='word_1_157' title='bbox 215 1432 338 1465; x_wconf 85' lang='lat' dir='ltr'>cecinit</span> <span class='ocrx_word' id='word_1_158' title='bbox 373 1432 476 1466; x_wconf 87' lang='lat' dir='ltr'>instar</span> <span class='ocrx_word' id='word_1_159' title='bbox 506 1433 664 1466; x_wconf 83' lang='lat' dir='ltr'>nubentis</span> <span class='ocrx_word' id='word_1_160' title='bbox 696 1447 838 1479; x_wconf 82' lang='lat' dir='ltr'>sponsae</span> <span class='ocrx_word' id='word_1_161' title='bbox 873 1444 906 1467; x_wconf 87' lang='lat' dir='ltr'>et</span> <span class='ocrx_word' id='word_1_162' title='bbox 943 1448 1019 1478; x_wconf 83' lang='lat' dir='ltr'>erga</span> <span class='ocrx_word' id='word_1_163' title='bbox 1051 1449 1213 1480; x_wconf 86' lang='lat' dir='ltr'>sponsum</span> 
     </span>
     <span class='ocr_line' id='line_1_23' title="bbox 73 1495 1212 1544; baseline 0.004 -17"><span class='ocrx_word' id='word_1_164' title='bbox 73 1507 202 1527; x_wconf 72' lang='lat' dir='ltr'>suum.t‹</span> <span class='ocrx_word' id='word_1_165' title='bbox 259 1495 297 1528; x_wconf 91' lang='lat' dir='ltr'>In</span> <span class='ocrx_word' id='word_1_166' title='bbox 327 1495 479 1528; x_wconf 84' lang='lat' dir='ltr'>Homilia</span> <span class='ocrx_word' id='word_1_167' title='bbox 519 1509 599 1529; x_wconf 78' lang='lat' dir='ltr'>vero</span> <span class='ocrx_word' id='word_1_168' title='bbox 634 1496 748 1541; x_wconf 83' lang='lat' dir='ltr'>priore</span> <span class='ocrx_word' id='word_1_169' title='bbox 779 1497 819 1529; x_wconf 82' lang='lat' dir='ltr'>ab</span> <span class='ocrx_word' id='word_1_170' title='bbox 853 1497 1063 1544; x_wconf 72' lang='lat' dir='ltr'>Hieronymo</span> <span class='ocrx_word' id='word_1_171' title='bbox 1096 1499 1212 1532; x_wconf 81' lang='lat' dir='ltr'>Latine</span> 
     </span>
     <span class='ocr_line' id='line_1_24' title="bbox 73 1556 1212 1604; baseline 0.003 -14"><span class='ocrx_word' id='word_1_172' title='bbox 73 1556 223 1590; x_wconf 82' lang='lat' dir='ltr'>reddita:</span> <span class='ocrx_word' id='word_1_173' title='bbox 268 1558 360 1591; x_wconf 83' lang='lat' dir='ltr'>»Hae</span> <span class='ocrx_word' id='word_1_174' title='bbox 391 1558 519 1603; x_wconf 84' lang='lat' dir='ltr'>quippe</span> <span class='ocrx_word' id='word_1_175' title='bbox 551 1559 584 1591; x_wconf 91' lang='lat' dir='ltr'>in</span> <span class='ocrx_word' id='word_1_176' title='bbox 616 1560 681 1593; x_wconf 89' lang='lat' dir='ltr'>hoc</span> <span class='ocrx_word' id='word_1_177' title='bbox 706 1560 808 1600; x_wconf 85' lang='lat' dir='ltr'>libro,</span> <span class='ocrx_word' id='word_1_178' title='bbox 832 1559 942 1604; x_wconf 88' lang='lat' dir='ltr'>inquit</span> <span class='ocrx_word' id='word_1_179' title='bbox 965 1574 1056 1593; x_wconf 87' lang='lat' dir='ltr'>num.</span> <span class='ocrx_word' id='word_1_180' title='bbox 1083 1560 1131 1601; x_wconf 90' lang='lat'>1.‚</span> <span class='ocrx_word' id='word_1_181' title='bbox 1164 1562 1212 1594; x_wconf 82' lang='lat' dir='ltr'>sa-</span> 
     </span>
     <span class='ocr_line' id='line_1_25' title="bbox 72 1620 1212 1668; baseline 0.003 -15"><span class='ocrx_word' id='word_1_182' title='bbox 72 1620 152 1653; x_wconf 88' lang='lat' dir='ltr'>bula</span> <span class='ocrx_word' id='word_1_183' title='bbox 183 1620 311 1665; x_wconf 85' lang='lat' dir='ltr'>pariter</span> <span class='ocrx_word' id='word_1_184' title='bbox 349 1630 381 1653; x_wconf 88' lang='lat' dir='ltr'>et</span> <span class='ocrx_word' id='word_1_185' title='bbox 413 1621 650 1666; x_wconf 84' lang='lat' dir='ltr'>epithalamio,</span> <span class='ocrx_word' id='word_1_186' title='bbox 685 1632 761 1655; x_wconf 87' lang='lat' dir='ltr'>sunt</span> <span class='ocrx_word' id='word_1_187' title='bbox 790 1635 974 1667; x_wconf 84' lang='lat' dir='ltr'>personae,</span> <span class='ocrx_word' id='word_1_188' title='bbox 1015 1636 1053 1655; x_wconf 79' lang='lat' dir='ltr'>ex</span> <span class='ocrx_word' id='word_1_189' title='bbox 1085 1637 1152 1668; x_wconf 89' lang='lat' dir='ltr'>quo</span> <span class='ocrx_word' id='word_1_190' title='bbox 1179 1633 1212 1657; x_wconf 85' lang='lat' dir='ltr'>et</span> 
     </span>
     <span class='ocr_line' id='line_1_26' title="bbox 74 1681 1210 1728; baseline 0.003 -12"><span class='ocrx_word' id='word_1_191' title='bbox 74 1681 227 1716; x_wconf 75' lang='lat' dir='ltr'>Gentiles</span> <span class='ocrx_word' id='word_1_192' title='bbox 251 1682 316 1715; x_wconf 81' lang='lat' dir='ltr'>sibi</span> <span class='ocrx_word' id='word_1_193' title='bbox 340 1683 595 1728; x_wconf 80' lang='lat' dir='ltr'>epithalamium</span> <span class='ocrx_word' id='word_1_194' title='bbox 629 1683 860 1725; x_wconf 76' lang='lat' dir='ltr'>vindicarunt,</span> <span class='ocrx_word' id='word_1_195' title='bbox 892 1694 925 1717; x_wconf 83' lang='lat' dir='ltr'>et</span> <span class='ocrx_word' id='word_1_196' title='bbox 956 1685 1049 1718; x_wconf 84' lang='lat' dir='ltr'>istius</span> <span class='ocrx_word' id='word_1_197' title='bbox 1081 1682 1210 1728; x_wconf 83' lang='lat' dir='ltr'>generis</span> 
     </span>
     <span class='ocr_line' id='line_1_27' title="bbox 73 1747 1210 1793; baseline 0.004 -14"><span class='ocrx_word' id='word_1_198' title='bbox 73 1759 207 1780; x_wconf 80' lang='lat' dir='ltr'>carmen</span> <span class='ocrx_word' id='word_1_199' title='bbox 230 1755 414 1779; x_wconf 81' lang='lat' dir='ltr'>assumtum</span> <span class='ocrx_word' id='word_1_200' title='bbox 440 1756 498 1783; x_wconf 76' lang='lat' dir='ltr'>est.</span> <span class='ocrx_word' id='word_1_201' title='bbox 533 1747 800 1792; x_wconf 82' lang='lat' dir='ltr'>Epithalamium</span> <span class='ocrx_word' id='word_1_202' title='bbox 825 1748 852 1780; x_wconf 87' lang='lat' dir='ltr'>si</span> <span class='ocrx_word' id='word_1_203' title='bbox 877 1748 1016 1793; x_wconf 87' lang='lat' dir='ltr'>quidem</span> <span class='ocrx_word' id='word_1_204' title='bbox 1032 1749 1210 1784; x_wconf 87' lang='lat' dir='ltr'>Canticum</span> 
     </span>
     <span class='ocr_line' id='line_1_28' title="bbox 72 1809 1211 1858; baseline 0.004 -16"><span class='ocrx_word' id='word_1_205' title='bbox 72 1809 320 1843; x_wconf 88' lang='lat' dir='ltr'>Canticorum.«</span> <span class='ocrx_word' id='word_1_206' title='bbox 370 1809 525 1842; x_wconf 87' lang='lat' dir='ltr'>Primum</span> <span class='ocrx_word' id='word_1_207' title='bbox 550 1810 678 1844; x_wconf 81' lang='lat' dir='ltr'>Cantici</span> <span class='ocrx_word' id='word_1_208' title='bbox 705 1823 834 1843; x_wconf 80' lang='lat' dir='ltr'>versum</span> <span class='ocrx_word' id='word_1_209' title='bbox 860 1824 1030 1856; x_wconf 81' lang='lat' dir='ltr'>exponens</span> <span class='ocrx_word' id='word_1_210' title='bbox 1055 1812 1090 1846; x_wconf 89' lang='lat' dir='ltr'>in</span> <span class='ocrx_word' id='word_1_211' title='bbox 1117 1821 1211 1858; x_wconf 64' lang='lat' dir='ltr'>ipsu-</span> 
     </span>
     <span class='ocr_line' id='line_1_29' title="bbox 72 1870 1209 1920; baseline 0.005 -15"><span class='ocrx_word' id='word_1_212' title='bbox 72 1870 231 1917; x_wconf 77' lang='grc' dir='ltr'><em>δωνὺμῳ</em></span> <span class='ocrx_word' id='word_1_213' title='bbox 255 1872 418 1912; x_wconf 80' lang='lat' dir='ltr'>Homilia,</span> <span class='ocrx_word' id='word_1_214' title='bbox 442 1886 527 1918; x_wconf 88' lang='lat' dir='ltr'>quae</span> <span class='ocrx_word' id='word_1_215' title='bbox 541 1873 728 1915; x_wconf 74' lang='lat' dir='ltr'>prologum</span> <span class='ocrx_word' id='word_1_216' title='bbox 754 1873 889 1918; x_wconf 77' lang='lat' dir='ltr'>excipit,</span> <span class='ocrx_word' id='word_1_217' title='bbox 912 1874 1029 1908; x_wconf 84' lang='lat' dir='ltr'>scribit</span> <span class='ocrx_word' id='word_1_218' title='bbox 1055 1875 1093 1910; x_wconf 70' lang='grc' dir='ltr'>τὸ</span> <span class='ocrx_word' id='word_1_219' title='bbox 1122 1875 1209 1920; x_wconf 77' lang='grc' dir='ltr'>ἡγε-</span> 
     </span>
     <span class='ocr_line' id='line_1_30' title="bbox 72 1931 1208 1980; baseline 0.003 -13"><span class='ocrx_word' id='word_1_220' title='bbox 72 1931 228 1977; x_wconf 78' lang='grc' dir='ltr'>μονικόν</span> <span class='ocrx_word' id='word_1_221' title='bbox 253 1933 350 1967; x_wconf 83' lang='lat' dir='ltr'>variis</span> <span class='ocrx_word' id='word_1_222' title='bbox 375 1935 569 1968; x_wconf 89' lang='lat' dir='ltr'>nominibus</span> <span class='ocrx_word' id='word_1_223' title='bbox 593 1936 627 1968; x_wconf 89' lang='lat' dir='ltr'>in</span> <span class='ocrx_word' id='word_1_224' title='bbox 651 1935 828 1980; x_wconf 84' lang='lat' dir='ltr'>Scriptura</span> <span class='ocrx_word' id='word_1_225' title='bbox 851 1946 965 1970; x_wconf 84' lang='lat' dir='ltr'>sancta</span> <span class='ocrx_word' id='word_1_226' title='bbox 989 1937 1128 1980; x_wconf 84' lang='lat' dir='ltr'>signari,</span> <span class='ocrx_word' id='word_1_227' title='bbox 1154 1939 1208 1970; x_wconf 87' lang='lat' dir='ltr'>vel</span> 
     </span>
     <span class='ocr_line' id='line_1_31' title="bbox 73 1997 1208 2042; baseline 0.005 -15"><span class='ocrx_word' id='word_1_228' title='bbox 73 1997 240 2029; x_wconf 79' lang='lat' dir='ltr'>vocabulo</span> <span class='ocrx_word' id='word_1_229' title='bbox 266 1997 396 2038; x_wconf 83' lang='lat' dir='ltr'>cordis,</span> <span class='ocrx_word' id='word_1_230' title='bbox 427 1998 482 2030; x_wconf 76' lang='lat' dir='ltr'>vel</span> <span class='ocrx_word' id='word_1_231' title='bbox 504 1998 652 2042; x_wconf 84' lang='lat' dir='ltr'>pectoris</span> <span class='ocrx_word' id='word_1_232' title='bbox 676 2011 714 2031; x_wconf 87' lang='lat' dir='ltr'>ac</span> <span class='ocrx_word' id='word_1_233' title='bbox 739 1998 847 2039; x_wconf 78' lang='lat' dir='ltr'>sinus,</span> <span class='ocrx_word' id='word_1_234' title='bbox 874 1998 900 2031; x_wconf 87' lang='lat' dir='ltr'>si</span> <span class='ocrx_word' id='word_1_235' title='bbox 926 1999 967 2033; x_wconf 91' lang='lat' dir='ltr'>de</span> <span class='ocrx_word' id='word_1_236' title='bbox 993 1999 1208 2033; x_wconf 86' lang='lat' dir='ltr'>discumben-</span> 
     </span>
     <span class='ocr_line' id='line_1_32' title="bbox 73 2057 1207 2108; baseline 0.005 -18"><span class='ocrx_word' id='word_1_237' title='bbox 73 2057 162 2091; x_wconf 83' lang='lat' dir='ltr'>tibus</span> <span class='ocrx_word' id='word_1_238' title='bbox 185 2058 220 2091; x_wconf 88' lang='lat' dir='ltr'>in</span> <span class='ocrx_word' id='word_1_239' title='bbox 244 2059 400 2092; x_wconf 85' lang='lat' dir='ltr'>convivio</span> <span class='ocrx_word' id='word_1_240' title='bbox 433 2069 564 2102; x_wconf 78' lang='lat' dir='ltr'>agatur3</span> <span class='ocrx_word' id='word_1_241' title='bbox 600 2059 694 2093; x_wconf 88' lang='lat' dir='ltr'>velut</span> <span class='ocrx_word' id='word_1_242' title='bbox 728 2075 804 2094; x_wconf 90' lang='lat' dir='ltr'>cum</span> <span class='ocrx_word' id='word_1_243' title='bbox 840 2075 941 2107; x_wconf 86' lang='lat' dir='ltr'>super</span> <span class='ocrx_word' id='word_1_244' title='bbox 978 2073 1096 2108; x_wconf 85' lang='lat' dir='ltr'>pectus</span> <span class='ocrx_word' id='word_1_245' title='bbox 1127 2064 1207 2096; x_wconf 85' lang='lat' dir='ltr'>Jesu</span> 
     </span>
    </p>
   </div>
   <div class='ocr_carea' id='block_1_3' title="bbox 71 2120 1207 2171">
    <p class='ocr_par' dir='ltr' id='par_1_4' title="bbox 71 2120 1207 2171">
     <span class='ocr_line' id='line_1_33' title="bbox 71 2120 1207 2171; baseline 0.004 -18"><span class='ocrx_word' id='word_1_246' title='bbox 71 2120 263 2161; x_wconf 78' lang='lat' dir='ltr'>recubuisse</span> <span class='ocrx_word' id='word_1_247' title='bbox 288 2122 412 2156; x_wconf 90' lang='lat' dir='ltr'>dicitur</span> <span class='ocrx_word' id='word_1_248' title='bbox 434 2123 593 2164; x_wconf 83' lang='lat' dir='ltr'>Joaunes‚</span> <span class='ocrx_word' id='word_1_249' title='bbox 618 2123 743 2157; x_wconf 85' lang='lat' dir='ltr'>Christi</span> <span class='ocrx_word' id='word_1_250' title='bbox 768 2124 991 2171; x_wconf 75' lang='grc' dir='ltr'><em>ἡγεμονικόν</em></span> <span class='ocrx_word' id='word_1_251' title='bbox 1014 2139 1083 2158; x_wconf 84' lang='lat' dir='ltr'>esse</span> <span class='ocrx_word' id='word_1_252' title='bbox 1108 2125 1207 2158; x_wconf 83' lang='lat' dir='ltr'>intel-</span> 
     </span>
    </p>
   </div>
   <div class='ocr_carea' id='block_1_4' title="bbox 221 2205 339 2212">
    <p class='ocr_par' dir='ltr' id='par_1_5' title="bbox 221 2205 339 2212">
     <span class='ocr_line' id='line_1_34' title="bbox 221 2205 339 2212; baseline 0 0"><span class='ocrx_word' id='word_1_253' title='bbox 221 2205 339 2212; x_wconf 95' lang='lat' dir='ltr'> </span> 
     </span>
    </p>
   </div>
   <div class='ocr_carea' id='block_1_5' title="bbox 72 2256 1206 2341">
    <p class='ocr_par' dir='ltr' id='par_1_6' title="bbox 72 2256 1206 2341">
     <span class='ocr_line' id='line_1_35' title="bbox 167 2256 1206 2303; baseline 0.01 -12"><span class='ocrx_word' id='word_1_254' title='bbox 167 2256 198 2303; x_wconf 86' lang='lat'>¹)</span> <span class='ocrx_word' id='word_1_255' title='bbox 223 2259 308 2294; x_wconf 86' lang='lat' dir='ltr'>Edd.</span> <span class='ocrx_word' id='word_1_256' title='bbox 335 2261 468 2297; x_wconf 87' lang='lat' dir='ltr'>Huetii:</span> <span class='ocrx_word' id='word_1_257' title='bbox 500 2265 533 2297; x_wconf 91' lang='lat' dir='ltr'>in</span> <span class='ocrx_word' id='word_1_258' title='bbox 565 2266 706 2299; x_wconf 90' lang='lat' dir='ltr'>modum</span> <span class='ocrx_word' id='word_1_259' title='bbox 738 2266 821 2299; x_wconf 78' lang='lat' dir='ltr'>mibi</span> <span class='ocrx_word' id='word_1_260' title='bbox 846 2266 982 2299; x_wconf 79' lang='lat' dir='ltr'>videsur</span> <span class='ocrx_word' id='word_1_261' title='bbox 1006 2265 1162 2299; x_wconf 78' lang='lat' dir='ltr'>dramatis</span> <span class='ocrx_word' id='word_1_262' title='bbox 1187 2279 1206 2300; x_wconf 82' lang='lat' dir='ltr'>a</span> 
     </span>
     <span class='ocr_line' id='line_1_36' title="bbox 72 2306 344 2341; baseline 0.004 -1"><span class='ocrx_word' id='word_1_263' title='bbox 72 2306 255 2340; x_wconf 80' lang='lat' dir='ltr'>Salomone</span> <span class='ocrx_word' id='word_1_264' title='bbox 283 2315 344 2341; x_wconf 84' lang='lat' dir='ltr'>etc.</span> 
     </span>
    </p>
   </div>
  </div>
 </body>
</html>
