1413 2482
179 89 244 125 176
518 91 630 124 Pam
654 91 827 126 Duum-is
852 93 981 128 Hue‘ru

436 213 699 263 SEc'rlo
745 209 1053 273 QUARTA.

177 298 249 331 DE
298 296 575 331 ORIGENIS
624 298 960 339 TETRAPUS,
1008 299 1305 343 HEXAPLIS,

547 358 617 391 ET
658 358 950 394 OCTAPLIS.

178 429 202 460 l.
242 426 454 471 proponitur
477 426 659 470 Epiphanii
690 427 853 460 sententia
883 428 925 460 de
950 427 1106 471 Origenis
1130 429 1311 475 Tetraplis,

176 488 352 533 Hexaplis,
384 498 416 520 et
448 488 612 532 Octaplis.
663 488 703 521 Π.
741 488 910 522 Asseritur
939 491 1137 535 propositus
1170 491 1312 525 duarum

173 551 417 583 Heba—nicarum
447 550 681 582 columnarum
712 549 745 582 in
769 550 948 596 Hexaplis,
979 562 1011 585 et
1039 552 1194 598 Octaplis
1219 553 1312 589 situs.

176 614 238 647 Ill.
276 612 469 656 Quaeritur,
496 625 598 657 quare
622 612 656 644 in
682 611 868 657 Tetraplis,
894 613 1072 659 HexapHs,
1098 624 1130 647 et
1157 615 1312 660 Octaplis

173 673 451 708 Theodotionem
476 673 696 720 Symmachus
721 676 950 718 praecesserit.
1002 678 1056 710 lV.
1090 677 1312 719 Investigatur

172 750 266 768 niens
282 735 420 768 Eusebii
437 736 479 768 de
497 735 678 779 Tetraplis,
696 724 867 782 Hex-aplis‚
884 747 916 770 et
935 737 1100 782 Octaplis.
1130 740 1169 772 V.
1195 739 1310 772 Unum

173 808 206 831 et
240 798 331 830 idem
371 810 456 841 opus
492 798 628 830 suerunt
665 797 835 843 Hexapla,
876 808 909 830 et
946 798 1101 843 Octapla.
1160 801 1218 833 VI.
1259 800 1308 833 Ex

171 859 401 904 superioribus
441 859 670 892 recentiorum
717 862 905 894 multorum
945 847 1075 893 errores
1115 872 1308 904 arguuntur.

170 923 246 955 Vll.
287 921 482 954 Editionem
514 921 735 966 interpretum
761 922 986 967 septuaginta,
1021 936 1105 967 quae
1137 924 1171 956 in
1197 925 1307 957 Hexa-

169 985 234 1029 plis
262 984 457 1022 habebatur,
482 983 657 1025 asteriscis,
683 984 802 1024 obelis,
828 984 1008 1024 lemniscis,
1035 994 1069 1017 et
1092 985 1306 1031 hypolemni-

168 1047 231 1079 scis
257 1046 421 1087 Origenes
447 1045 607 1079 distinxit.
654 1045 695 1078 Ei
720 1054 891 1090 praterea,
922 1059 1007 1090 quae
1032 1056 1103 1079 erat
1126 1047 1160 1079 in
1185 1048 1303 1081 Tetra—

168 1108 245 1153 plis,
269 1107 407 1141 Scholia
431 1107 564 1152 adjecit.
612 1108 706 1142 VIII.
732 1107 930 1140 Editioncm
955 1109 1028 1141 τῶν
1051 1107 1304 1152 ἑβδομήκοντα

167 1170 329 1215 Hexaplis
354 1169 513 1201 intextam
539 1169 760 1201 emendarunt
777 1169 955 1209 Eusebius,
981 1179 1014 1202 et
1037 1169 1246 1215 Pamphilus,
1271 1180 1305 1204 et.

165 1232 268 1278 primi
301 1244 453 1264 seorsum
487 1231 718 1273 vulgaverunt.
767 1231 851 1263 Inde
883 1231 1007 1276 triplex
1047 1231 1109 1264 illo
1146 1241 1303 1277 tempore

167 1295 272 1327 editio
297 1296 369 1328 τῶν
386 1292 650 1338 ἑβδομήκοντα,
670 1292 883 1335 Origeniana,
907 1293 1107 1333 Eusebiana,
1134 1302 1166 1326 et
1183 1293 1302 1337 κοινή.

165 1358 225 1389 ΙΧ.
262 1357 391 1389 Eadem
424 1355 556 1387 circiter
587 1364 787 1399 tempestate
812 1353 940 1398 κοινήν
962 1354 1100 1387 resarcit
1123 1354 1302 1395 Lucianus,

164 1418 301 1451 resarcit
325 1427 360 1450 et
377 1417 572 1463 Hesychius.
614 1417 703 1450 Hinc
729 1416 928 1461 quintuplex
953 1419 1024 1450 τῶν
1048 1415 1299 1464 ἑβδομήκοντα

164 1480 282 1512 editio.
338 1480 381 1512 X.
419 1481 503 1512 Suas
537 1491 673 1524 quoque
707 1478 873 1511 editiones
909 1478 1090 1518 asteriscis,
1128 1488 1161 1511 et
1192 1478 1300 1511 obelis

163 1541 438 1575 discriminarunt
463 1541 646 1581 Lucianus,
681 1549 713 1572 et
738 1539 944 1586 Hesychius3
973 1550 1012 1573 ut
1044 1549 1077 1573 et
1109 1553 1203 1573 suam
1228 1543 1300 1575 τῶν

162 1602 413 1648 ἑβδομήκοντα
428 1603 742 1648 interpretationem
758 1602 997 1648 Hieronymus.
1018 1602 1209 1647 inquinatae
1222 1611 1299 1635 sunt

195 1674 229 1697 et
244 1665 378 1697 vitiatae
391 1665 574 1697 hodiernae
589 1678 712 1698 omnes
729 1668 801 1698 τῶν
816 1663 1067 1710 ἑβδομήκοντα
1085 1663 1260 1697 editiones.

253 1733 279 1767 I.
324 1734 469 1774 Agamus
494 1732 559 1778 jam
588 1733 630 1765 de
661 1732 848 1777 Tetraplis‚
872 1732 1049 1777 Hexapli5‚
1074 1740 1106 1764 et
1133 1731 1300 1776 Octaplis,

160 1794 444 1836 Origenianorum
471 1808 614 1839 operum
640 1794 792 1827 omnium
823 1792 1041 1827 nobilissimis
1074 1802 1108 1825 et
1139 1783 1301 1826 laudatis-⁸

157 1855 267 1888 simis:
309 1869 453 1900 quorum
490 1857 658 1889 rationem
696 1870 773 1888 cum
811 1855 1056 1888 accuratissime
1087 1855 1297 1900 Epiphanius

157 1917 335 1950 tradiderit
360 1917 391 1949 in
419 1917 508 1950 libro
535 1918 576 1951 de
598 1917 808 1962 ponderibus
832 1925 865 1949 et
880 1916 1055 1956 mensuris,
1079 1915 1175 1962 hujus
1200 1929 1296 1961 prae-

157 1979 256 2025 cipue
283 1979 420 2021 vcstigia
444 1980 602 2025 persequi
628 1980 734 2012 decet.
783 1979 975 2021 Collegerat
1005 1978 1071 2023 jam
1104 1988 1179 2011 ante
1205 1979 1295 2012 Ada-

155 2041 299 2074 mantius
335 2041 631 2085 interpretationes
667 2040 861 2085 Scripturae
894 2053 912 2072 a
934 2040 1124 2073 senioribus
1150 2041 1291 2085 Septua-

154 2104 261 2146 ginta,
300 2103 438 2148 Aquila,
473 2103 731 2142 Theodotione,
765 2112 796 2134 et
828 2103 1031 2147 Symmacho
1070 2103 1292 2136 elucubratas.

155 2165 319 2209 Quintam
361 2175 533 2209 praeterea
582 2175 614 2197 et
661 2173 786 2197 sextam
834 2164 1021 2197 editionem
1069 2165 1289 2198 commodum

152 2237 267 2260 nactus
294 2237 351 2267 est,
377 2241 457 2272 quas
483 2228 516 2260 in
541 2226 667 2269 angulis
681 2226 882 2271 quibusdam
902 2227 1051 2260 occultas
1076 2227 1288 2269 investigasse

150 2289 261 2332 ipsum
287 2299 319 2322 ct
345 2289 377 2321 in
411 2289 523 2322 lucem
555 2288 695 2322 edidisse
725 2288 842 2321 scribit
866 2289 1040 2322 Eusebius.
1090 2287 1286 2322 Athanasius
