<?xml version="1.0" encoding="UTF-8"?>
<!DOCTYPE html PUBLIC "-//W3C//DTD XHTML 1.0 Transitional//EN"
    "http://www.w3.org/TR/xhtml1/DTD/xhtml1-transitional.dtd">
<html xmlns="http://www.w3.org/1999/xhtml" xml:lang="en" lang="en">
 <head>
  <title>
</title>
<meta http-equiv="Content-Type" content="text/html;charset=utf-8" />
  <meta name='ocr-system' content='tesseract 3.04.00' />
  <meta name='ocr-capabilities' content='ocr_page ocr_carea ocr_par ocr_line ocrx_word'/>
</head>
<body>
  <div class='ocr_page' id='page_1' title='image "./operaomniaquaegr24orig/operaomniaquaegr24orig_0119.png"; bbox 0 0 1422 2472; ppageno 0'>
   <div class='ocr_carea' id='block_1_1' title="bbox 222 73 1185 110">
    <p class='ocr_par' dir='ltr' id='par_1_1' title="bbox 222 73 1185 110">
     <span class='ocr_line' id='line_1_1' title="bbox 222 73 1185 110; baseline -0.004 0"><span class='ocrx_word' id='word_1_1' title='bbox 222 75 328 110; x_wconf 70' lang='lat' dir='ltr'><strong>Fun.</strong></span> <span class='ocrx_word' id='word_1_2' title='bbox 356 75 447 108; x_wconf 65' lang='lat' dir='ltr'>DAN.</span> <span class='ocrx_word' id='word_1_3' title='bbox 472 74 587 108; x_wconf 71' lang='grc' dir='ltr'>Ηυετ.</span> <span class='ocrx_word' id='word_1_4' title='bbox 613 73 831 108; x_wconf 62' lang='lat' dir='ltr'><strong>offlam-ms.</strong></span> <span class='ocrx_word' id='word_1_5' title='bbox 857 73 930 107; x_wconf 78' lang='lat' dir='ltr'><strong>Lm.</strong></span> <span class='ocrx_word' id='word_1_6' title='bbox 951 74 1011 107; x_wconf 86' lang='lat'>111.</span> <span class='ocrx_word' id='word_1_7' title='bbox 1122 75 1185 110; x_wconf 88' lang='grc'><strong>107</strong></span> 
     </span>
    </p>
   </div>
   <div class='ocr_carea' id='block_1_2' title="bbox 46 162 1188 2140">
    <p class='ocr_par' dir='ltr' id='par_1_2' title="bbox 53 162 1185 395">
     <span class='ocr_line' id='line_1_2' title="bbox 55 162 1184 210; baseline 0 -13"><span class='ocrx_word' id='word_1_8' title='bbox 55 177 118 210; x_wconf 87' lang='lat' dir='ltr'><strong>que</strong></span> <span class='ocrx_word' id='word_1_9' title='bbox 143 165 298 207; x_wconf 77' lang='lat' dir='ltr'><strong>Origenis</strong></span> <span class='ocrx_word' id='word_1_10' title='bbox 323 163 494 209; x_wconf 81' lang='lat' dir='ltr'><strong>Operibus</strong></span> <span class='ocrx_word' id='word_1_11' title='bbox 526 163 723 202; x_wconf 76' lang='lat' dir='ltr'><strong>auctoritas,</strong></span> <span class='ocrx_word' id='word_1_12' title='bbox 755 176 833 195; x_wconf 85' lang='lat' dir='ltr'><strong>suus</strong></span> <span class='ocrx_word' id='word_1_13' title='bbox 866 162 962 195; x_wconf 80' lang='lat' dir='ltr'><strong>valor</strong></span> <span class='ocrx_word' id='word_1_14' title='bbox 992 163 1184 205; x_wconf 82' lang='lat' dir='ltr'><strong>assignatur.</strong></span> 
     </span>
     <span class='ocr_line' id='line_1_3' title="bbox 53 223 1185 271; baseline -0.001 -13"><span class='ocrx_word' id='word_1_15' title='bbox 53 227 95 260; x_wconf 88' lang='lat' dir='ltr'><strong>V.</strong></span> <span class='ocrx_word' id='word_1_16' title='bbox 145 226 197 259; x_wconf 83' lang='lat' dir='ltr'><strong>De</strong></span> <span class='ocrx_word' id='word_1_17' title='bbox 236 225 515 268; x_wconf 78' lang='lat' dir='ltr'><strong>Origenianarum</strong></span> <span class='ocrx_word' id='word_1_18' title='bbox 551 225 773 271; x_wconf 78' lang='lat' dir='ltr'>scriptionum</span> <span class='ocrx_word' id='word_1_19' title='bbox 818 237 960 258; x_wconf 89' lang='lat' dir='ltr'><strong>numero</strong></span> <span class='ocrx_word' id='word_1_20' title='bbox 1002 223 1185 257; x_wconf 77' lang='lat' dir='ltr'><strong>disseritur.</strong></span> 
     </span>
     <span class='ocr_line' id='line_1_4' title="bbox 97 285 1141 332; baseline -0.001 -12"><span class='ocrx_word' id='word_1_21' title='bbox 97 288 155 320; x_wconf 86' lang='lat' dir='ltr'><strong>Vl.</strong></span> <span class='ocrx_word' id='word_1_22' title='bbox 188 287 321 331; x_wconf 81' lang='lat' dir='ltr'><strong>Quibus</strong></span> <span class='ocrx_word' id='word_1_23' title='bbox 346 287 540 332; x_wconf 85' lang='lat' dir='ltr'><strong>Scripturae</strong></span> <span class='ocrx_word' id='word_1_24' title='bbox 565 296 695 320; x_wconf 87' lang='lat' dir='ltr'><strong>sauctae</strong></span> <span class='ocrx_word' id='word_1_25' title='bbox 720 286 925 320; x_wconf 76' lang='lat' dir='ltr'><strong>editionibus</strong></span> <span class='ocrx_word' id='word_1_26' title='bbox 948 285 998 320; x_wconf 90' lang='lat' dir='ltr'><strong>uti</strong></span> <span class='ocrx_word' id='word_1_27' title='bbox 1022 285 1141 320; x_wconf 79' lang='lat' dir='ltr'><strong>solitus</strong></span> 
     </span>
     <span class='ocr_line' id='line_1_5' title="bbox 373 349 869 395; baseline 0.004 -13"><span class='ocrx_word' id='word_1_28' title='bbox 373 349 475 382; x_wconf 87' lang='lat' dir='ltr'><strong>suerit</strong></span> <span class='ocrx_word' id='word_1_29' title='bbox 499 349 680 392; x_wconf 80' lang='lat' dir='ltr'><strong>Origenes,</strong></span> <span class='ocrx_word' id='word_1_30' title='bbox 710 349 869 395; x_wconf 83' lang='lat' dir='ltr'><strong>aperitur.</strong></span> 
     </span>
    </p>

    <p class='ocr_par' dir='ltr' id='par_1_3' title="bbox 46 409 1188 2140">
     <span class='ocr_line' id='line_1_6' title="bbox 143 409 1187 454; baseline -0.001 -10"><span class='ocrx_word' id='word_1_31' title='bbox 143 411 169 445; x_wconf 86' lang='grc' dir='ltr'><strong>Ι.</strong></span> <span class='ocrx_word' id='word_1_32' title='bbox 216 411 395 444; x_wconf 82' lang='lat' dir='ltr'><strong>Redundat</strong></span> <span class='ocrx_word' id='word_1_33' title='bbox 426 411 521 444; x_wconf 85' lang='lat' dir='ltr'><strong>stilus</strong></span> <span class='ocrx_word' id='word_1_34' title='bbox 547 410 721 453; x_wconf 83' lang='lat' dir='ltr'><strong>Origenis,</strong></span> <span class='ocrx_word' id='word_1_35' title='bbox 758 420 792 444; x_wconf 84' lang='lat' dir='ltr'><strong>et</strong></span> <span class='ocrx_word' id='word_1_36' title='bbox 817 410 952 445; x_wconf 80' lang='lat' dir='ltr'><strong>diffluit.</strong></span> <span class='ocrx_word' id='word_1_37' title='bbox 999 409 1113 454; x_wconf 81' lang='lat' dir='ltr'><strong>Quam</strong></span> <span class='ocrx_word' id='word_1_38' title='bbox 1141 411 1187 443; x_wconf 90' lang='lat' dir='ltr'><strong>ob</strong></span> 
     </span>
     <span class='ocr_line' id='line_1_7' title="bbox 53 469 1188 519; baseline 0 -13"><span class='ocrx_word' id='word_1_39' title='bbox 53 486 125 506; x_wconf 84' lang='lat' dir='ltr'><strong>rem</strong></span> <span class='ocrx_word' id='word_1_40' title='bbox 163 472 268 518; x_wconf 85' lang='lat' dir='ltr'><strong>ipsius</strong></span> <span class='ocrx_word' id='word_1_41' title='bbox 304 469 462 518; x_wconf 74' lang='grc' dir='ltr'><em>ι’ἰμετρον</em></span> <span class='ocrx_word' id='word_1_42' title='bbox 493 475 695 519; x_wconf 77' lang='grc' dir='ltr'><strong><em>φλυαρίαν,</em></strong></span> <span class='ocrx_word' id='word_1_43' title='bbox 735 481 769 505; x_wconf 87' lang='lat' dir='ltr'><strong>et</strong></span> <span class='ocrx_word' id='word_1_44' title='bbox 803 474 1044 518; x_wconf 77' lang='grc' dir='ltr'><em>πιυιολογίαν</em></span> <span class='ocrx_word' id='word_1_45' title='bbox 1081 472 1188 519; x_wconf 82' lang='lat' dir='ltr'><strong>carpit</strong></span> 
     </span>
     <span class='ocr_line' id='line_1_8' title="bbox 51 533 1188 581; baseline 0 -13"><span class='ocrx_word' id='word_1_46' title='bbox 51 534 245 568; x_wconf 75' lang='lat' dir='ltr'><strong>Eustathius</strong></span> <span class='ocrx_word' id='word_1_47' title='bbox 261 534 503 575; x_wconf 82' lang='lat' dir='ltr'><strong>Antiochenus,</strong></span> <span class='ocrx_word' id='word_1_48' title='bbox 529 543 561 568; x_wconf 90' lang='lat' dir='ltr'><strong>et</strong></span> <span class='ocrx_word' id='word_1_49' title='bbox 583 542 664 580; x_wconf 87' lang='lat' dir='ltr'><strong>post</strong></span> <span class='ocrx_word' id='word_1_50' title='bbox 679 533 779 567; x_wconf 87' lang='lat' dir='ltr'><strong>illum</strong></span> <span class='ocrx_word' id='word_1_51' title='bbox 795 533 1018 579; x_wconf 77' lang='lat' dir='ltr'><strong>Epiphanius,</strong></span> <span class='ocrx_word' id='word_1_52' title='bbox 1042 547 1188 581; x_wconf 84' lang='lat' dir='ltr'><strong>eumque</strong></span> 
     </span>
     <span class='ocr_line' id='line_1_9' title="bbox 55 594 1188 643; baseline -0.001 -12"><span class='ocrx_word' id='word_1_53' title='bbox 55 595 307 631; x_wconf 80' lang='lat' dir='ltr'><strong>»Seminarium</strong></span> <span class='ocrx_word' id='word_1_54' title='bbox 330 596 568 643; x_wconf 79' lang='lat' dir='ltr'><strong>loquacitatis«</strong></span> <span class='ocrx_word' id='word_1_55' title='bbox 595 595 746 642; x_wconf 82' lang='lat' dir='ltr'><strong>appellat</strong></span> <span class='ocrx_word' id='word_1_56' title='bbox 771 594 993 642; x_wconf 83' lang='lat' dir='ltr'><strong>Theophilus.</strong></span> <span class='ocrx_word' id='word_1_57' title='bbox 1039 595 1129 630; x_wconf 87' lang='lat' dir='ltr'><strong>Hinc</strong></span> <span class='ocrx_word' id='word_1_58' title='bbox 1154 605 1188 630; x_wconf 88' lang='lat' dir='ltr'><strong>et</strong></span> 
     </span>
     <span class='ocr_line' id='line_1_10' title="bbox 51 657 1187 703; baseline 0 -11"><span class='ocrx_word' id='word_1_59' title='bbox 51 658 117 703; x_wconf 87' lang='lat' dir='ltr'><strong>ipsi</strong></span> <span class='ocrx_word' id='word_1_60' title='bbox 141 658 282 692; x_wconf 78' lang='lat' dir='ltr'><strong>effatum</strong></span> <span class='ocrx_word' id='word_1_61' title='bbox 306 658 373 692; x_wconf 88' lang='lat' dir='ltr'><strong>hoc</strong></span> <span class='ocrx_word' id='word_1_62' title='bbox 397 657 591 693; x_wconf 87' lang='lat' dir='ltr'><strong>Salomonis</strong></span> <span class='ocrx_word' id='word_1_63' title='bbox 619 658 857 691; x_wconf 79' lang='lat' dir='ltr'><strong>accommodat</strong></span> <span class='ocrx_word' id='word_1_64' title='bbox 880 657 1032 692; x_wconf 83' lang='lat' dir='ltr'><strong>Nicetas:</strong></span> <span class='ocrx_word' id='word_1_65' title='bbox 1072 658 1139 692; x_wconf 83' lang='lat' dir='ltr'><strong>»In</strong></span> <span class='ocrx_word' id='word_1_66' title='bbox 1154 658 1187 702; x_wconf 91' lang='lat'><strong>¹)</strong></span> 
     </span>
     <span class='ocr_line' id='line_1_11' title="bbox 50 719 1187 766; baseline 0.001 -14"><span class='ocrx_word' id='word_1_67' title='bbox 50 719 269 765; x_wconf 87' lang='lat' dir='ltr'><strong>multiloquio</strong></span> <span class='ocrx_word' id='word_1_68' title='bbox 292 733 361 754; x_wconf 90' lang='lat' dir='ltr'><strong>non</strong></span> <span class='ocrx_word' id='word_1_69' title='bbox 386 721 493 755; x_wconf 88' lang='lat' dir='ltr'><strong>deerit</strong></span> <span class='ocrx_word' id='word_1_70' title='bbox 515 729 737 766; x_wconf 84' lang='lat' dir='ltr'><strong>peccatum:«</strong></span> <span class='ocrx_word' id='word_1_71' title='bbox 764 721 849 754; x_wconf 80' lang='lat' dir='ltr'><strong>adeo</strong></span> <span class='ocrx_word' id='word_1_72' title='bbox 873 730 912 753; x_wconf 87' lang='lat' dir='ltr'><strong>ut</strong></span> <span class='ocrx_word' id='word_1_73' title='bbox 933 733 1055 766; x_wconf 82' lang='lat' dir='ltr'><strong>parum</strong></span> <span class='ocrx_word' id='word_1_74' title='bbox 1080 729 1187 753; x_wconf 87' lang='lat' dir='ltr'><strong>atten—</strong></span> 
     </span>
     <span class='ocr_line' id='line_1_12' title="bbox 50 782 1186 828; baseline 0.002 -14"><span class='ocrx_word' id='word_1_75' title='bbox 50 792 123 815; x_wconf 81' lang='lat' dir='ltr'><strong>tum</strong></span> <span class='ocrx_word' id='word_1_76' title='bbox 147 782 249 815; x_wconf 83' lang='lat' dir='ltr'><strong>fuisse</strong></span> <span class='ocrx_word' id='word_1_77' title='bbox 280 792 397 828; x_wconf 89' lang='lat' dir='ltr'><strong>putem</strong></span> <span class='ocrx_word' id='word_1_78' title='bbox 421 783 599 816; x_wconf 83' lang='lat' dir='ltr'><strong>Erasmum</strong></span> <span class='ocrx_word' id='word_1_79' title='bbox 628 783 662 816; x_wconf 91' lang='lat' dir='ltr'><strong>in</strong></span> <span class='ocrx_word' id='word_1_80' title='bbox 688 783 845 823; x_wconf 85' lang='lat' dir='ltr'><strong>Censur.,</strong></span> <span class='ocrx_word' id='word_1_81' title='bbox 877 796 955 816; x_wconf 91' lang='lat' dir='ltr'><strong>cum</strong></span> <span class='ocrx_word' id='word_1_82' title='bbox 985 782 1186 816; x_wconf 77' lang='lat' dir='ltr'><strong>brevitatem</strong></span> 
     </span>
     <span class='ocr_line' id='line_1_13' title="bbox 51 843 1184 890; baseline 0.001 -13"><span class='ocrx_word' id='word_1_83' title='bbox 51 843 120 890; x_wconf 78' lang='lat' dir='ltr'><strong>ejus</strong></span> <span class='ocrx_word' id='word_1_84' title='bbox 146 845 304 879; x_wconf 79' lang='lat' dir='ltr'><strong>laudavit.</strong></span> <span class='ocrx_word' id='word_1_85' title='bbox 351 845 442 879; x_wconf 84' lang='lat' dir='ltr'><strong>Vitio</strong></span> <span class='ocrx_word' id='word_1_86' title='bbox 466 845 544 879; x_wconf 87' lang='lat' dir='ltr'><strong>huic</strong></span> <span class='ocrx_word' id='word_1_87' title='bbox 571 844 726 888; x_wconf 86' lang='lat' dir='ltr'><strong>Origenis</strong></span> <span class='ocrx_word' id='word_1_88' title='bbox 761 857 894 878; x_wconf 78' lang='lat' dir='ltr'><strong>caussae</strong></span> <span class='ocrx_word' id='word_1_89' title='bbox 925 844 1028 879; x_wconf 82' lang='lat' dir='ltr'><strong>fuisse</strong></span> <span class='ocrx_word' id='word_1_90' title='bbox 1064 858 1184 879; x_wconf 86' lang='lat' dir='ltr'><strong>censeo</strong></span> 
     </span>
     <span class='ocr_line' id='line_1_14' title="bbox 47 906 1186 954; baseline 0.001 -14"><span class='ocrx_word' id='word_1_91' title='bbox 47 907 213 941; x_wconf 83' lang='lat' dir='ltr'><strong>assiduam</strong></span> <span class='ocrx_word' id='word_1_92' title='bbox 233 907 381 941; x_wconf 88' lang='lat' dir='ltr'><strong>docendi</strong></span> <span class='ocrx_word' id='word_1_93' title='bbox 399 917 432 940; x_wconf 88' lang='lat' dir='ltr'><strong>et</strong></span> <span class='ocrx_word' id='word_1_94' title='bbox 456 907 590 941; x_wconf 86' lang='lat' dir='ltr'><strong>dicendi</strong></span> <span class='ocrx_word' id='word_1_95' title='bbox 604 906 896 949; x_wconf 78' lang='lat' dir='ltr'><strong>consuetudinem,</strong></span> <span class='ocrx_word' id='word_1_96' title='bbox 920 920 1005 954; x_wconf 86' lang='lat' dir='ltr'><strong>quae</strong></span> <span class='ocrx_word' id='word_1_97' title='bbox 1024 909 1186 941; x_wconf 76' lang='lat' dir='ltr'><strong>verbosos</strong></span> 
     </span>
     <span class='ocr_line' id='line_1_15' title="bbox 48 969 1185 1011; baseline 0 -8"><span class='ocrx_word' id='word_1_98' title='bbox 48 969 202 1003; x_wconf 84' lang='lat' dir='ltr'><strong>homines</strong></span> <span class='ocrx_word' id='word_1_99' title='bbox 225 970 324 1004; x_wconf 77' lang='lat' dir='ltr'><strong>facile</strong></span> <span class='ocrx_word' id='word_1_100' title='bbox 349 970 463 1005; x_wconf 84' lang='lat' dir='ltr'><strong>efficit.</strong></span> <span class='ocrx_word' id='word_1_101' title='bbox 510 972 581 1004; x_wconf 86' lang='lat' dir='ltr'><strong>Nec</strong></span> <span class='ocrx_word' id='word_1_102' title='bbox 597 970 708 1004; x_wconf 85' lang='lat' dir='ltr'><strong>verbis</strong></span> <span class='ocrx_word' id='word_1_103' title='bbox 730 969 855 1011; x_wconf 82' lang='lat' dir='ltr'><strong>solum,</strong></span> <span class='ocrx_word' id='word_1_104' title='bbox 877 971 938 1004; x_wconf 85' lang='lat' dir='ltr'><strong>sed</strong></span> <span class='ocrx_word' id='word_1_105' title='bbox 961 971 1061 1004; x_wconf 87' lang='lat' dir='ltr'><strong>rebus</strong></span> <span class='ocrx_word' id='word_1_106' title='bbox 1085 970 1185 1003; x_wconf 87' lang='lat' dir='ltr'><strong>etiam</strong></span> 
     </span>
     <span class='ocr_line' id='line_1_16' title="bbox 50 1032 1186 1077; baseline 0.001 -13"><span class='ocrx_word' id='word_1_107' title='bbox 50 1033 213 1066; x_wconf 80' lang='lat' dir='ltr'><strong>abundat:</strong></span> <span class='ocrx_word' id='word_1_108' title='bbox 259 1032 548 1077; x_wconf 79' lang='lat' dir='ltr'><strong>quemadmodum</strong></span> <span class='ocrx_word' id='word_1_109' title='bbox 584 1032 673 1065; x_wconf 89' lang='lat' dir='ltr'><strong>enim</strong></span> <span class='ocrx_word' id='word_1_110' title='bbox 712 1032 825 1066; x_wconf 85' lang='lat' dir='ltr'><strong>herbis</strong></span> <span class='ocrx_word' id='word_1_111' title='bbox 861 1032 1007 1066; x_wconf 84' lang='lat' dir='ltr'><strong>luxuriat</strong></span> <span class='ocrx_word' id='word_1_112' title='bbox 1040 1032 1186 1066; x_wconf 82' lang='lat' dir='ltr'><strong>feracior</strong></span> 
     </span>
     <span class='ocr_line' id='line_1_17' title="bbox 51 1093 1184 1140; baseline 0 -13"><span class='ocrx_word' id='word_1_113' title='bbox 51 1107 163 1137; x_wconf 85' lang='lat' dir='ltr'><strong>seges,</strong></span> <span class='ocrx_word' id='word_1_114' title='bbox 200 1094 245 1127; x_wconf 88' lang='lat' dir='ltr'><strong>ita</strong></span> <span class='ocrx_word' id='word_1_115' title='bbox 277 1093 431 1136; x_wconf 84' lang='lat' dir='ltr'><strong>Origenis</strong></span> <span class='ocrx_word' id='word_1_116' title='bbox 462 1093 608 1134; x_wconf 85' lang='lat' dir='ltr'><strong>animus,</strong></span> <span class='ocrx_word' id='word_1_117' title='bbox 639 1094 668 1127; x_wconf 87' lang='lat' dir='ltr'><strong>si</strong></span> <span class='ocrx_word' id='word_1_118' title='bbox 699 1094 834 1139; x_wconf 86' lang='lat' dir='ltr'><strong>quando</strong></span> <span class='ocrx_word' id='word_1_119' title='bbox 866 1095 901 1128; x_wconf 91' lang='lat' dir='ltr'><strong>in</strong></span> <span class='ocrx_word' id='word_1_120' title='bbox 933 1094 1082 1140; x_wconf 81' lang='lat' dir='ltr'><strong>aliquam</strong></span> <span class='ocrx_word' id='word_1_121' title='bbox 1113 1107 1184 1128; x_wconf 84' lang='lat' dir='ltr'><strong>sese</strong></span> 
     </span>
     <span class='ocr_line' id='line_1_18' title="bbox 50 1155 1185 1201; baseline 0.001 -13"><span class='ocrx_word' id='word_1_122' title='bbox 50 1155 308 1189; x_wconf 84' lang='lat' dir='ltr'><strong>meditationem</strong></span> <span class='ocrx_word' id='word_1_123' title='bbox 344 1155 552 1201; x_wconf 78' lang='lat' dir='ltr'><strong>conjecerat,</strong></span> <span class='ocrx_word' id='word_1_124' title='bbox 586 1165 712 1189; x_wconf 77' lang='lat' dir='ltr'><strong>tantam</strong></span> <span class='ocrx_word' id='word_1_125' title='bbox 748 1156 813 1201; x_wconf 88' lang='lat' dir='ltr'><strong>ipsi</strong></span> <span class='ocrx_word' id='word_1_126' title='bbox 848 1169 962 1189; x_wconf 84' lang='lat' dir='ltr'><strong>rerum</strong></span> <span class='ocrx_word' id='word_1_127' title='bbox 996 1157 1185 1190; x_wconf 75' lang='lat' dir='ltr'><strong>ubertatem</strong></span> 
     </span>
     <span class='ocr_line' id='line_1_19' title="bbox 50 1217 1186 1264; baseline 0.001 -14"><span class='ocrx_word' id='word_1_128' title='bbox 50 1217 132 1251; x_wconf 79' lang='lat' dir='ltr'><strong>felix</strong></span> <span class='ocrx_word' id='word_1_129' title='bbox 160 1218 348 1260; x_wconf 85' lang='lat' dir='ltr'><strong>ingenium,</strong></span> <span class='ocrx_word' id='word_1_130' title='bbox 382 1227 416 1251; x_wconf 88' lang='lat' dir='ltr'><strong>et</strong></span> <span class='ocrx_word' id='word_1_131' title='bbox 444 1218 660 1252; x_wconf 86' lang='lat' dir='ltr'><strong>reconditum</strong></span> <span class='ocrx_word' id='word_1_132' title='bbox 686 1218 860 1252; x_wconf 83' lang='lat' dir='ltr'><strong>doctrinae</strong></span> <span class='ocrx_word' id='word_1_133' title='bbox 892 1231 998 1264; x_wconf 89' lang='lat' dir='ltr'><strong>penus</strong></span> <span class='ocrx_word' id='word_1_134' title='bbox 1023 1217 1186 1252; x_wconf 88' lang='lat' dir='ltr'><strong>submini-</strong></span> 
     </span>
     <span class='ocr_line' id='line_1_20' title="bbox 51 1279 1184 1326; baseline 0 -12"><span class='ocrx_word' id='word_1_135' title='bbox 51 1281 190 1320; x_wconf 81' lang='lat' dir='ltr'><strong>strabat,</strong></span> <span class='ocrx_word' id='word_1_136' title='bbox 226 1280 279 1313; x_wconf 76' lang='lat' dir='ltr'><strong>vix</strong></span> <span class='ocrx_word' id='word_1_137' title='bbox 311 1289 348 1313; x_wconf 84' lang='lat' dir='ltr'><strong>ut</strong></span> <span class='ocrx_word' id='word_1_138' title='bbox 378 1279 502 1313; x_wconf 82' lang='lat' dir='ltr'><strong>notarii</strong></span> <span class='ocrx_word' id='word_1_139' title='bbox 532 1281 711 1314; x_wconf 85' lang='lat' dir='ltr'><strong>scribendo</strong></span> <span class='ocrx_word' id='word_1_140' title='bbox 747 1294 845 1326; x_wconf 85' lang='lat' dir='ltr'><strong>pares</strong></span> <span class='ocrx_word' id='word_1_141' title='bbox 877 1290 994 1314; x_wconf 87' lang='lat' dir='ltr'><strong>essent.</strong></span> <span class='ocrx_word' id='word_1_142' title='bbox 1041 1281 1091 1313; x_wconf 85' lang='lat' dir='ltr'><strong>Ex</strong></span> <span class='ocrx_word' id='word_1_143' title='bbox 1122 1281 1184 1315; x_wconf 87' lang='lat' dir='ltr'><strong>hac</strong></span> 
     </span>
     <span class='ocr_line' id='line_1_21' title="bbox 49 1341 1185 1387; baseline 0 -11"><span class='ocrx_word' id='word_1_144' title='bbox 49 1343 283 1383; x_wconf 80' lang='lat' dir='ltr'><strong>festinatione,</strong></span> <span class='ocrx_word' id='word_1_145' title='bbox 305 1351 343 1375; x_wconf 90' lang='lat' dir='ltr'><strong>ut</strong></span> <span class='ocrx_word' id='word_1_146' title='bbox 366 1355 465 1387; x_wconf 80' lang='lat' dir='ltr'><strong>supra</strong></span> <span class='ocrx_word' id='word_1_147' title='bbox 489 1341 556 1387; x_wconf 83' lang='lat' dir='ltr'><strong>jam</strong></span> <span class='ocrx_word' id='word_1_148' title='bbox 581 1341 668 1383; x_wconf 86' lang='lat' dir='ltr'><strong>dixi,</strong></span> <span class='ocrx_word' id='word_1_149' title='bbox 698 1343 804 1376; x_wconf 87' lang='lat' dir='ltr'><strong>multa</strong></span> <span class='ocrx_word' id='word_1_150' title='bbox 831 1343 1032 1376; x_wconf 82' lang='lat' dir='ltr'><strong>exsistebant</strong></span> <span class='ocrx_word' id='word_1_151' title='bbox 1054 1342 1185 1376; x_wconf 87' lang='lat' dir='ltr'><strong>incom-</strong></span> 
     </span>
     <span class='ocr_line' id='line_1_22' title="bbox 48 1404 1184 1451; baseline 0.001 -13"><span class='ocrx_word' id='word_1_152' title='bbox 48 1406 166 1439; x_wconf 82' lang='lat' dir='ltr'><strong>moda:</strong></span> <span class='ocrx_word' id='word_1_153' title='bbox 203 1404 306 1438; x_wconf 87' lang='lat' dir='ltr'><strong>nimia</strong></span> <span class='ocrx_word' id='word_1_154' title='bbox 337 1414 408 1438; x_wconf 86' lang='lat' dir='ltr'><strong>erat</strong></span> <span class='ocrx_word' id='word_1_155' title='bbox 441 1404 604 1438; x_wconf 88' lang='lat' dir='ltr'><strong>orationis</strong></span> <span class='ocrx_word' id='word_1_156' title='bbox 634 1405 763 1439; x_wconf 82' lang='lat' dir='ltr'><strong>incuria</strong></span> <span class='ocrx_word' id='word_1_157' title='bbox 794 1414 827 1438; x_wconf 90' lang='lat' dir='ltr'><strong>et</strong></span> <span class='ocrx_word' id='word_1_158' title='bbox 856 1404 1034 1451; x_wconf 79' lang='lat' dir='ltr'><strong>supinitas3</strong></span> <span class='ocrx_word' id='word_1_159' title='bbox 1066 1406 1108 1438; x_wconf 90' lang='lat' dir='ltr'><strong>ad</strong></span> <span class='ocrx_word' id='word_1_160' title='bbox 1131 1419 1184 1439; x_wconf 86' lang='lat' dir='ltr'><strong>res</strong></span> 
     </span>
     <span class='ocr_line' id='line_1_23' title="bbox 49 1467 1183 1514; baseline 0.001 -13"><span class='ocrx_word' id='word_1_161' title='bbox 49 1468 140 1502; x_wconf 87' lang='lat' dir='ltr'><strong>enim</strong></span> <span class='ocrx_word' id='word_1_162' title='bbox 170 1476 316 1501; x_wconf 84' lang='lat' dir='ltr'><strong>attentus</strong></span> <span class='ocrx_word' id='word_1_163' title='bbox 349 1467 476 1501; x_wconf 81' lang='lat' dir='ltr'><strong>animus</strong></span> <span class='ocrx_word' id='word_1_164' title='bbox 507 1467 644 1514; x_wconf 88' lang='lat' dir='ltr'><strong>insuper</strong></span> <span class='ocrx_word' id='word_1_165' title='bbox 676 1468 820 1501; x_wconf 85' lang='lat' dir='ltr'><strong>habebat</strong></span> <span class='ocrx_word' id='word_1_166' title='bbox 844 1469 1026 1500; x_wconf 79' lang='lat' dir='ltr'><strong>verborum</strong></span> <span class='ocrx_word' id='word_1_167' title='bbox 1059 1482 1183 1509; x_wconf 81' lang='lat' dir='ltr'><strong>curam,</strong></span> 
     </span>
     <span class='ocr_line' id='line_1_24' title="bbox 49 1530 1183 1577; baseline 0.001 -14"><span class='ocrx_word' id='word_1_168' title='bbox 49 1540 83 1563; x_wconf 87' lang='lat' dir='ltr'><strong>et</strong></span> <span class='ocrx_word' id='word_1_169' title='bbox 118 1530 360 1573; x_wconf 82' lang='lat' dir='ltr'><strong>stribliginibus</strong></span> <span class='ocrx_word' id='word_1_170' title='bbox 395 1543 586 1563; x_wconf 87' lang='lat' dir='ltr'><strong>sermonem</strong></span> <span class='ocrx_word' id='word_1_171' title='bbox 618 1531 824 1576; x_wconf 83' lang='lat' dir='ltr'><strong>quandoque</strong></span> <span class='ocrx_word' id='word_1_172' title='bbox 860 1531 1037 1572; x_wconf 81' lang='lat' dir='ltr'><strong>foedabat;</strong></span> <span class='ocrx_word' id='word_1_173' title='bbox 1075 1530 1183 1577; x_wconf 80' lang='lat' dir='ltr'><strong>cujus-</strong></span> 
     </span>
     <span class='ocr_line' id='line_1_25' title="bbox 47 1592 1182 1637; baseline 0.001 -12"><span class='ocrx_word' id='word_1_174' title='bbox 47 1593 143 1626; x_wconf 87' lang='lat' dir='ltr'><strong>modi</strong></span> <span class='ocrx_word' id='word_1_175' title='bbox 176 1593 354 1626; x_wconf 83' lang='lat' dir='ltr'><strong>nonnullas</strong></span> <span class='ocrx_word' id='word_1_176' title='bbox 378 1592 445 1626; x_wconf 86' lang='lat' dir='ltr'><strong>suis</strong></span> <span class='ocrx_word' id='word_1_177' title='bbox 478 1594 562 1626; x_wconf 82' lang='lat' dir='ltr'><strong>locis</strong></span> <span class='ocrx_word' id='word_1_178' title='bbox 588 1593 856 1626; x_wconf 78' lang='lat' dir='ltr'><strong>observavimus:</strong></span> <span class='ocrx_word' id='word_1_179' title='bbox 891 1606 943 1626; x_wconf 89' lang='lat' dir='ltr'><strong>res</strong></span> <span class='ocrx_word' id='word_1_180' title='bbox 969 1606 1068 1637; x_wconf 79' lang='lat' dir='ltr'><strong>saepe</strong></span> <span class='ocrx_word' id='word_1_181' title='bbox 1103 1607 1182 1626; x_wconf 89' lang='lat' dir='ltr'><strong>cou-</strong></span> 
     </span>
     <span class='ocr_line' id='line_1_26' title="bbox 48 1655 1181 1702; baseline 0.001 -13"><span class='ocrx_word' id='word_1_182' title='bbox 48 1657 210 1689; x_wconf 75' lang='lat' dir='ltr'><strong>fundebat</strong></span> <span class='ocrx_word' id='word_1_183' title='bbox 234 1670 310 1689; x_wconf 89' lang='lat' dir='ltr'><strong>cum</strong></span> <span class='ocrx_word' id='word_1_184' title='bbox 335 1657 445 1698; x_wconf 84' lang='lat' dir='ltr'><strong>rebus,</strong></span> <span class='ocrx_word' id='word_1_185' title='bbox 470 1665 507 1688; x_wconf 92' lang='lat' dir='ltr'><strong>ut</strong></span> <span class='ocrx_word' id='word_1_186' title='bbox 531 1656 712 1701; x_wconf 83' lang='lat' dir='ltr'><strong>scriptores</strong></span> <span class='ocrx_word' id='word_1_187' title='bbox 737 1669 847 1688; x_wconf 82' lang='lat' dir='ltr'><strong>sacros</strong></span> <span class='ocrx_word' id='word_1_188' title='bbox 872 1655 975 1689; x_wconf 88' lang='lat' dir='ltr'><strong>citans</strong></span> <span class='ocrx_word' id='word_1_189' title='bbox 1000 1656 1181 1702; x_wconf 76' lang='lat' dir='ltr'><strong>aliquando</strong></span> 
     </span>
     <span class='ocr_line' id='line_1_27' title="bbox 46 1718 1183 1764; baseline 0.001 -13"><span class='ocrx_word' id='word_1_190' title='bbox 46 1728 255 1764; x_wconf 82' lang='lat' dir='ltr'><strong>permutaret</strong></span> <span class='ocrx_word' id='word_1_191' title='bbox 284 1718 440 1759; x_wconf 81' lang='lat' dir='ltr'><strong>nomina,</strong></span> <span class='ocrx_word' id='word_1_192' title='bbox 478 1728 510 1752; x_wconf 87' lang='lat' dir='ltr'><strong>et</strong></span> <span class='ocrx_word' id='word_1_193' title='bbox 543 1732 646 1751; x_wconf 85' lang='lat' dir='ltr'><strong>unum</strong></span> <span class='ocrx_word' id='word_1_194' title='bbox 671 1719 859 1764; x_wconf 79' lang='lat' dir='ltr'><strong>appellaret</strong></span> <span class='ocrx_word' id='word_1_195' title='bbox 888 1733 952 1764; x_wconf 84' lang='lat' dir='ltr'><strong>pro</strong></span> <span class='ocrx_word' id='word_1_196' title='bbox 983 1720 1109 1760; x_wconf 85' lang='lat' dir='ltr'><strong>altero,</strong></span> <span class='ocrx_word' id='word_1_197' title='bbox 1145 1733 1183 1752; x_wconf 89' lang='lat' dir='ltr'><strong>ac</strong></span> 
     </span>
     <span class='ocr_line' id='line_1_28' title="bbox 47 1782 1182 1827; baseline 0.001 -13"><span class='ocrx_word' id='word_1_198' title='bbox 47 1795 145 1826; x_wconf 86' lang='lat' dir='ltr'><strong>saepe</strong></span> <span class='ocrx_word' id='word_1_199' title='bbox 162 1782 357 1827; x_wconf 85' lang='lat' dir='ltr'><strong>Scripturae</strong></span> <span class='ocrx_word' id='word_1_200' title='bbox 381 1782 456 1814; x_wconf 87' lang='lat' dir='ltr'><strong>loca</strong></span> <span class='ocrx_word' id='word_1_201' title='bbox 480 1782 719 1826; x_wconf 63' lang='lat' dir='ltr'><strong>permiscerev,</strong></span> <span class='ocrx_word' id='word_1_202' title='bbox 742 1782 886 1814; x_wconf 84' lang='lat' dir='ltr'><strong>conlisus</strong></span> <span class='ocrx_word' id='word_1_203' title='bbox 911 1782 1095 1815; x_wconf 82' lang='lat' dir='ltr'><strong>memoriae</strong></span> <span class='ocrx_word' id='word_1_204' title='bbox 1120 1783 1182 1815; x_wconf 85' lang='lat' dir='ltr'><strong>sci-</strong></span> 
     </span>
     <span class='ocr_line' id='line_1_29' title="bbox 47 1843 1182 1890; baseline 0.001 -13"><span class='ocrx_word' id='word_1_205' title='bbox 47 1844 140 1885; x_wconf 84' lang='lat' dir='ltr'><strong>licet,</strong></span> <span class='ocrx_word' id='word_1_206' title='bbox 172 1853 204 1877; x_wconf 88' lang='lat' dir='ltr'><strong>et</strong></span> <span class='ocrx_word' id='word_1_207' title='bbox 229 1857 295 1889; x_wconf 91' lang='lat' dir='ltr'><strong>quo</strong></span> <span class='ocrx_word' id='word_1_208' title='bbox 321 1844 429 1877; x_wconf 87' lang='lat' dir='ltr'><strong>minus</strong></span> <span class='ocrx_word' id='word_1_209' title='bbox 456 1843 560 1877; x_wconf 85' lang='lat' dir='ltr'><strong>libros</strong></span> <span class='ocrx_word' id='word_1_210' title='bbox 594 1844 803 1884; x_wconf 81' lang='lat' dir='ltr'><strong>consuleret,</strong></span> <span class='ocrx_word' id='word_1_211' title='bbox 835 1843 1048 1878; x_wconf 83' lang='lat' dir='ltr'><strong>festinatione</strong></span> <span class='ocrx_word' id='word_1_212' title='bbox 1075 1845 1182 1890; x_wconf 85' lang='lat' dir='ltr'><strong>impe-</strong></span> 
     </span>
     <span class='ocr_line' id='line_1_30' title="bbox 48 1906 1179 1953; baseline 0.001 -14"><span class='ocrx_word' id='word_1_213' title='bbox 48 1906 146 1940; x_wconf 78' lang='lat' dir='ltr'><strong>ditus.</strong></span> <span class='ocrx_word' id='word_1_214' title='bbox 179 1906 304 1940; x_wconf 86' lang='lat' dir='ltr'><strong>Scribit</strong></span> <span class='ocrx_word' id='word_1_215' title='bbox 318 1906 487 1953; x_wconf 85' lang='lat' dir='ltr'><strong>Didymus</strong></span> <span class='ocrx_word' id='word_1_216' title='bbox 511 1908 546 1940; x_wconf 90' lang='lat' dir='ltr'><strong>in</strong></span> <span class='ocrx_word' id='word_1_217' title='bbox 565 1907 801 1952; x_wconf 83' lang='lat' dir='ltr'><strong>Apulogetico,</strong></span> <span class='ocrx_word' id='word_1_218' title='bbox 827 1920 927 1952; x_wconf 88' lang='lat' dir='ltr'><strong>quem</strong></span> <span class='ocrx_word' id='word_1_219' title='bbox 951 1921 1014 1953; x_wconf 89' lang='lat' dir='ltr'><strong>pro</strong></span> <span class='ocrx_word' id='word_1_220' title='bbox 1034 1907 1179 1951; x_wconf 87' lang='lat' dir='ltr'><strong>Origene</strong></span> 
     </span>
     <span class='ocr_line' id='line_1_31' title="bbox 48 1968 1180 2015; baseline 0 -13"><span class='ocrx_word' id='word_1_221' title='bbox 48 1969 165 2010; x_wconf 83' lang='lat' dir='ltr'><strong>edidit,</strong></span> <span class='ocrx_word' id='word_1_222' title='bbox 189 1970 288 2003; x_wconf 88' lang='lat' dir='ltr'><strong>aliam</strong></span> <span class='ocrx_word' id='word_1_223' title='bbox 307 1970 415 2003; x_wconf 83' lang='lat' dir='ltr'><strong>verbis</strong></span> <span class='ocrx_word' id='word_1_224' title='bbox 441 1968 510 2014; x_wconf 83' lang='lat' dir='ltr'><strong>ejus</strong></span> <span class='ocrx_word' id='word_1_225' title='bbox 534 1969 641 2003; x_wconf 89' lang='lat' dir='ltr'><strong>inesse</strong></span> <span class='ocrx_word' id='word_1_226' title='bbox 656 1969 866 2011; x_wconf 79' lang='lat' dir='ltr'><strong>sententiam,</strong></span> <span class='ocrx_word' id='word_1_227' title='bbox 890 1983 927 2003; x_wconf 90' lang='lat' dir='ltr'><strong>ac</strong></span> <span class='ocrx_word' id='word_1_228' title='bbox 943 1970 1052 2015; x_wconf 83' lang='lat' dir='ltr'><strong>prima</strong></span> <span class='ocrx_word' id='word_1_229' title='bbox 1068 1971 1180 2003; x_wconf 84' lang='lat' dir='ltr'><strong>fronte</strong></span> 
     </span>
     <span class='ocr_line' id='line_1_32' title="bbox 48 2031 1178 2078; baseline 0.002 -16"><span class='ocrx_word' id='word_1_230' title='bbox 48 2031 190 2066; x_wconf 80' lang='lat' dir='ltr'><strong>videtur.</strong></span> <span class='ocrx_word' id='word_1_231' title='bbox 231 2032 329 2066; x_wconf 88' lang='lat' dir='ltr'><strong>Certe</strong></span> <span class='ocrx_word' id='word_1_232' title='bbox 347 2032 523 2073; x_wconf 88' lang='lat' dir='ltr'><strong>librorum,</strong></span> <span class='ocrx_word' id='word_1_233' title='bbox 549 2032 606 2078; x_wconf 90' lang='lat' dir='ltr'><strong>qui</strong></span> <span class='ocrx_word' id='word_1_234' title='bbox 624 2042 811 2077; x_wconf 85' lang='lat' dir='ltr'><strong>supersunt,</strong></span> <span class='ocrx_word' id='word_1_235' title='bbox 837 2032 957 2077; x_wconf 81' lang='lat' dir='ltr'><strong>planus</strong></span> <span class='ocrx_word' id='word_1_236' title='bbox 972 2042 1020 2066; x_wconf 87' lang='lat' dir='ltr'><strong>est</strong></span> <span class='ocrx_word' id='word_1_237' title='bbox 1037 2032 1131 2066; x_wconf 86' lang='lat' dir='ltr'><strong>stilus</strong></span> <span class='ocrx_word' id='word_1_238' title='bbox 1146 2042 1178 2065; x_wconf 90' lang='lat' dir='ltr'><strong>et</strong></span> 
     </span>
     <span class='ocr_line' id='line_1_33' title="bbox 47 2094 1178 2140; baseline 0.001 -14"><span class='ocrx_word' id='word_1_239' title='bbox 47 2102 193 2138; x_wconf 82' lang='lat' dir='ltr'><strong>apertus,</strong></span> <span class='ocrx_word' id='word_1_240' title='bbox 215 2095 369 2140; x_wconf 82' lang='lat' dir='ltr'><strong>adeoque</strong></span> <span class='ocrx_word' id='word_1_241' title='bbox 393 2095 560 2129; x_wconf 78' lang='lat' dir='ltr'><strong>affirmare</strong></span> <span class='ocrx_word' id='word_1_242' title='bbox 585 2094 701 2135; x_wconf 90' lang='lat' dir='ltr'><strong>ausim,</strong></span> <span class='ocrx_word' id='word_1_243' title='bbox 726 2094 833 2127; x_wconf 84' lang='lat' dir='ltr'><strong>sicubi</strong></span> <span class='ocrx_word' id='word_1_244' title='bbox 859 2096 1021 2129; x_wconf 84' lang='lat' dir='ltr'><strong>obscurus</strong></span> <span class='ocrx_word' id='word_1_245' title='bbox 1045 2095 1083 2128; x_wconf 81' lang='lat' dir='ltr'><strong>fit</strong></span> <span class='ocrx_word' id='word_1_246' title='bbox 1100 2094 1178 2128; x_wconf 88' lang='lat' dir='ltr'><strong>Ori-</strong></span> 
     </span>
    </p>
   </div>
   <div class='ocr_carea' id='block_1_3' title="bbox 48 2156 1176 2198">
    <p class='ocr_par' dir='ltr' id='par_1_4' title="bbox 48 2156 1176 2198">
     <span class='ocr_line' id='line_1_34' title="bbox 48 2156 1176 2198; baseline 0.003 -10"><span class='ocrx_word' id='word_1_247' title='bbox 48 2167 159 2198; x_wconf 76' lang='lat' dir='ltr'><strong>genes,</strong></span> <span class='ocrx_word' id='word_1_248' title='bbox 171 2157 365 2190; x_wconf 86' lang='lat' dir='ltr'><strong>sententiam</strong></span> <span class='ocrx_word' id='word_1_249' title='bbox 384 2158 424 2191; x_wconf 83' lang='lat' dir='ltr'><strong>de</strong></span> <span class='ocrx_word' id='word_1_250' title='bbox 438 2157 598 2192; x_wconf 76' lang='lat' dir='ltr'><strong>industria</strong></span> <span class='ocrx_word' id='word_1_251' title='bbox 614 2159 767 2192; x_wconf 80' lang='lat' dir='ltr'><strong>vitandae</strong></span> <span class='ocrx_word' id='word_1_252' title='bbox 783 2158 965 2193; x_wconf 81' lang='lat' dir='ltr'><strong>offensioni</strong></span> <span class='ocrx_word' id='word_1_253' title='bbox 982 2156 1176 2191; x_wconf 76' lang='lat' dir='ltr'><strong>occultasse.</strong></span> 
     </span>
    </p>
   </div>
   <div class='ocr_carea' id='block_1_4' title="bbox 145 2278 547 2327">
    <p class='ocr_par' dir='ltr' id='par_1_5' title="bbox 145 2278 547 2327">
     <span class='ocr_line' id='line_1_35' title="bbox 145 2278 547 2327; baseline 0.01 -12"><span class='ocrx_word' id='word_1_254' title='bbox 145 2278 176 2327; x_wconf 92' lang='lat'><strong>¹)</strong></span> <span class='ocrx_word' id='word_1_255' title='bbox 201 2278 271 2315; x_wconf 80' lang='lat' dir='ltr'><strong>Csr.</strong></span> <span class='ocrx_word' id='word_1_256' title='bbox 296 2279 396 2316; x_wconf 78' lang='lat' dir='ltr'><strong>Prov.</strong></span> <span class='ocrx_word' id='word_1_257' title='bbox 420 2281 469 2325; x_wconf 80' lang='lat' dir='ltr'><strong>X,</strong></span> <span class='ocrx_word' id='word_1_258' title='bbox 496 2281 547 2319; x_wconf 83' lang='lat'><strong>19.</strong></span> 
     </span>
    </p>
   </div>
  </div>
 </body>
</html>
