1413 2482
196 126 264 160 210
527 124 640 157 Pit-rm
665 123 840 157 Dmums
863 123 993 158 Han-ru

200 216 381 263 nymus‚¹)
417 213 517 246 fuisse
559 213 807 258 »Septuaginta
840 213 1016 246 emendata
1047 224 1080 247 et
1112 228 1187 250 vei-a
1220 229 1330 249 exem-

202 278 349 322 plari-23«
389 275 664 319 additamenta²)
703 283 792 306 certe
829 274 1098 318 Theodotionis,
1135 290 1218 322 quae
1254 292 1329 312 cum

202 339 335 383 reliquo
363 347 540 377 contextu,
573 336 760 369 obliteratis
785 336 968 377 asteriscis,
993 338 1033 370 ad
1059 350 1120 371 nos
1143 340 1329 374 transmissa

202 410 293 441 sunt,
319 399 503 432 editionem
529 400 719 431 adulterant
744 407 777 430 et
802 408 1034 444 cormmpunt.

300 560 330 601 ¹)
355 558 424 591 Csr.
451 540 649 603 Hienonym.
674 557 706 589 in
731 557 860 590 Jesaiac
887 569 959 601 cap.
984 557 1108 590 LVIII.
1137 570 1222 593 vers.
1249 559 1302 594 11.

293 626 326 670 ²)
355 625 442 657 Vide
468 624 511 656 D.
536 624 697 657 Bernard.
723 625 764 656 de
789 625 1014 658 Montsaucon
1046 624 1080 657 in
1111 624 1331 660 Praelimina-

199 683 291 716 ribus
322 683 355 715 in
385 681 536 725 Hexapla
570 680 742 723 origenis,
774 694 846 726 pag.
872 681 926 715 40.
951 680 1005 716 43.
1030 681 1085 715 44.
1112 691 1145 714 et
1168 682 1241 723 45.,
1272 683 1331 715 ubi

198 739 352 785 pluribus
387 739 427 770 de
461 737 566 770 causis
599 730 803 770 recentiores
837 738 1003 771 editiones
1035 737 1236 771 adulteratas
1261 751 1330 772 esse

199 796 254 829 ait.
304 797 328 829 Ι.
363 795 451 838 Quia
476 794 509 826 in
535 793 694 838 Hexaplis
718 793 866 826 asterisci
892 803 924 826 et
948 793 1040 826 obeli
1064 806 1082 826 a
1107 793 1250 828 librariis
1274 808 1332 828 ne-

198 853 297 895 glecti
323 861 409 884 sunt.
462 850 502 883 ll.
540 848 628 892 Quia
655 861 691 881 ex
717 849 956 890 similitudine,
989 863 1073 894 quae
1099 851 1219 884 obelos
1243 851 1331 885 inter

200 918 234 941 et
265 908 462 946 lemniscos,
494 914 592 949 atque
619 905 892 951 hypolemniscos
924 906 1170 949 intercedebat,
1203 908 1329 941 factum

199 974 264 1003 est,
289 974 325 997 ut
352 962 502 995 lemnisci
528 974 592 1006 pro
618 961 725 993 obelis
757 962 823 995 sint
846 963 960 996 habiti.
1010 963 1070 997 lll.
1104 963 1193 1007 Quia
1219 964 1330 998 litera-

197 1033 271 1054 rum
286 1020 491 1053 Graecarum
516 1018 605 1050 inter
627 1030 661 1050 se
686 1017 847 1051 similium
873 1020 1030 1064 frequens
1054 1019 1139 1052 facta
1165 1030 1214 1053 est
1238 1034 1330 1054 com-

197 1077 340 1109 mutatio
401 1075 458 1107 lv,
497 1073 658 1118 denique,
692 1074 770 1118 quia
801 1085 942 1119 propter
973 1075 1230 1110 similitudinem
1257 1090 1329 1111 ver-

198 1134 319 1166 borum
363 1140 393 1163 et
441 1129 532 1169 soni,
579 1142 642 1173 pro
685 1129 836 1171 legitimo
878 1131 981 1163 verbo
1022 1131 1112 1164 aliud
1159 1132 1326 1167 interdum

196 1188 359 1221 mendose
384 1187 583 1231 ponebatur.
633 1184 731 1228 Quae
749 1188 1031 1221 commutationes
1057 1197 1090 1221 et
1108 1188 1328 1232 negligentiae

195 1254 233 1277 ut
256 1243 442 1289 plurimum
467 1242 500 1274 in
526 1241 698 1275 hodiernis
723 1242 931 1278 editionibus
954 1254 1196 1279 remanserunt.
1242 1246 1283 1278 R.
