1422 2472
370 105 684 141 Omenmmonum
715 106 826 141 Lmen
852 106 915 141 111.
1127 106 1191 143 159

57 194 84 228 si
110 194 183 240 quis
208 205 361 240 opponat
384 196 718 241 interpretationibus
749 196 815 230 suis
839 196 1008 238 Prologos
1031 195 1193 230 Rufinum

57 257 241 302 praefigere
272 258 402 299 solere,
431 268 469 292 ut
498 258 601 292 tradit
632 258 827 292 Gennadius
853 258 1018 300 catalogo
1042 259 1193 292 virorum

56 318 239 354 illustrium
264 334 338 365 cap.
364 320 429 362 18,
459 321 537 354 huic
561 330 674 354 autem
698 320 788 355 libro
812 320 1001 364 Prologum
1024 321 1068 354 ab
1091 321 1195 354 inter-

57 391 153 427 prete
185 382 379 428 appositum
408 396 477 416 non
507 382 626 416 fuisse:
667 383 749 417 sciat
782 383 842 416 ille
873 384 999 417 multos
1035 397 1054 417 e
1078 383 1195 417 Rufini

56 444 214 488 Prologis
237 445 464 489 intercidisse;
488 446 582 479 velut
598 446 710 487 illum,
734 459 835 491 quem
852 446 954 479 toties
971 446 1192 486 laudavimus,

56 508 213 542 Numeris
238 509 441 553 praefixum,
472 518 505 542 et
534 508 678 542 Ursacio
711 508 930 555 inscriptum,
962 522 1063 554 quem
1091 509 1193 543 latina

57 570 212 614 Origenis
237 571 342 605 editio
367 572 562 616 neutiquam
585 581 822 617 repraesentat,

147 634 244 678 Quae
269 647 345 668 cum
370 634 415 668 ita
439 634 515 676 sint,
540 634 582 667 de
605 634 713 667 nihilo
739 647 809 668 esse
832 643 936 680 patet,
962 635 1055 679 quod
1079 634 1115 667 in
1139 647 1195 667 ve-

57 696 152 730 tustis
185 696 386 743 quibusdam
421 697 607 731 Codicibus
643 710 769 730 nomen
802 696 1009 742 Hieronymi
1038 697 1194 730 lucubra-

57 759 144 793 tioni
166 759 244 793 huic
267 760 331 793 suit
354 769 608 805 praenotatum,
632 769 671 793 ut
695 760 854 793 observat
877 759 1008 803 Sixtus;
1031 760 1192 807 quodque

57 835 97 855 ex
119 822 185 856 hoc
210 823 325 868 Opere
350 813 543 856 testimonia
567 823 742 856 attulerint
757 822 791 868 ¹)
816 822 978 865 Magister
1001 821 1192 856 Sententia-

54 899 141 926 rum,
167 894 200 918 et
222 886 257 919 S.
283 885 450 926 Thomas,
479 887 542 919 sub
572 887 711 920 nomine
742 885 928 919 Ambrosii.
976 885 1193 928 Castigandus

56 961 194 994 quoque
215 948 443 994 Erasmus‚2)
477 949 534 994 qui
559 958 593 982 et
616 949 688 994 ipse
712 948 831 989 sentit,
857 957 890 981 et
913 948 1006 981 idem
1029 957 1069 981 ut
1090 948 1194 982 senti-

55 1021 131 1044 rent
153 1011 458 1054 Magdeburgenses
471 1012 504 1056 ³)
529 1011 692 1057 perfecit,
721 1011 788 1044 hoc
819 1025 906 1057 opus
931 1024 1000 1044 esse
1027 1011 1193 1044 »hominis

56 1073 161 1114 latini,
184 1073 326 1118 pulchre
350 1074 455 1114 docti,
480 1087 517 1107 ac
539 1075 627 1107 bene
652 1073 809 1107 diserti2«
835 1083 1019 1119 propterea
1042 1075 1136 1119 quod
1159 1074 1193 1106 iu

57 1136 208 1178 Prologo
234 1136 383 1169 Graecos
409 1137 540 1176 laudat,
574 1137 668 1169 velut
691 1136 831 1177 alienos,
854 1136 904 1169 his
930 1135 1056 1169 verbis:
1094 1150 1192 1169 »cum

58 1199 146 1243 apud
184 1198 351 1238 Graecos,
386 1199 443 1244 qui
476 1198 599 1231 eruditi
631 1212 669 1231 ac
700 1199 865 1245 sapientes
899 1198 1094 1232 videntur.«
1152 1199 1193 1231 Id

58 1261 169 1306 ipsum
193 1260 324 1306 liquere
348 1260 396 1293 ait
420 1273 458 1294 ex
475 1260 756 1306 interpretatione
783 1261 939 1301 nammis,
964 1261 1119 1302 caritatis,
1144 1261 1194 1294 di-

58 1322 253 1363 lectionis,«
289 1332 322 1356 et
347 1322 579 1367 »cupidinis.«
628 1324 779 1357 Demum
803 1323 992 1369 suspicatur
1015 1322 1086 1370 ejus
1111 1336 1193 1364 esse,

58 1385 151 1432 cujus
176 1394 303 1418 exstant
325 1384 406 1418 libri
431 1386 473 1418 de
498 1385 678 1419 vocatione
703 1386 886 1427 Gentium,
920 1394 953 1419 et
977 1385 1193 1419 Commenta-

57 1449 99 1482 rii
120 1449 156 1482 in
179 1447 313 1494 aliquot
335 1446 498 1481 Psalmos.
537 1447 635 1492 Quae
651 1463 752 1496 quam
769 1449 893 1482 frivola
916 1448 992 1491 sint,
1016 1457 1192 1494 promtum

57 1521 107 1546 est
131 1512 318 1545 ostendere.
365 1509 528 1543 Ethnicos
565 1524 682 1544 omnes
721 1525 740 1545 a
773 1511 864 1544 Luca
894 1510 929 1543 in
961 1509 1072 1551 Actis,
1110 1520 1144 1544 et
1175 1523 1194 1543 a

57 1574 166 1608 Paulo
182 1573 361 1618 ’Έλληνας
383 1573 550 1618 appellari
579 1583 700 1607 notum
725 1583 790 1606 est:
822 1573 900 1606 hinc
932 1572 1056 1606 Judaei
1081 1585 1192 1618 oppo—

56 1646 182 1670 nuntur
216 1640 291 1676 τοῖς
314 1634 481 1680 ‘'EM-mn,
517 1636 553 1669 id
588 1645 654 1680 est,
686 1635 856 1676 Ethnicis,
892 1649 950 1668 seu
986 1635 1191 1668 Gentilibus.

58 1700 176 1744 Itaque
199 1712 219 1732 a
241 1698 396 1732 Patribus
412 1696 600 1743 ‘'Etznvg,
630 1708 789 1743 tanquam
813 1697 915 1731 alieni
939 1698 1136 1739 laudantur,
1159 1707 1193 1730 et

59 1762 100 1794 ab
122 1761 198 1807 ipso
223 1761 324 1795 etiam
349 1761 497 1805 Origene
521 1761 622 1795 Tom.
647 1761 702 1798 15.
725 1761 760 1793 in
785 1760 907 1794 Matth.
930 1773 1022 1793 num.
1043 1760 1109 1801 15.‚
1133 1759 1193 1792 ubi

59 1824 121 1857 ait:
144 1823 232 1859 Ἐὰν
243 1823 276 1870 ⁴)
302 1825 344 1860 δέ
365 1838 429 1869 τις,
454 1826 494 1873 τῇ
520 1823 734 1872 ἀνθρωπίνῃ
750 1824 888 1870 ἐνορῶν
911 1822 1098 1868 ἀσθενείᾳ,
1122 1835 1192 1857 κα-

58 1888 222 1936 ταφρονῇ
251 1887 322 1933 μὲν
345 1889 405 1930 τῆς
428 1889 570 1930 λέξεως,
601 1885 778 1933 τράπηται
809 1886 849 1920 δὲ
880 1884 933 1921 ἐπ’
961 1885 1190 1932 ἀλληγορίας,

61 1947 362 1993 δυσωπηθήσεται
392 1949 432 1984 ἔκ
462 1961 573 1984 τινων
602 1951 663 1984 καὶ
698 1948 895 1992 ἑλληνικῶν
926 1949 1114 1994 ἱστοριῶν,
1152 1948 1193 1982 ἐν

62 2005 114 2049 οἷς
136 2009 198 2046 διὰ
223 2010 289 2055 ιιὴν
311 2010 394 2058 παρ’
413 2008 562 2056 Ἕλλησι
593 2013 736 2057 σοφίαν
765 2012 1000 2059 ἱστοροῦνται
1026 2022 1119 2049 τινες
1151 2008 1191 2044 τὸ

112 2188 117 2191 ἢ
155 2149 188 2194 ¹)
211 2149 274 2184 Ed.
297 2149 423 2185 Ruaei:
449 2151 642 2186 attulerunt.

153 2205 188 2250 ²)
215 2205 284 2238 Cfr.
309 2205 438 2241 Eram.
463 2208 497 2241 in
524 2209 663 2243 Censur.
691 2208 767 2245 libr.
792 2208 956 2251 Origenis.

156 2261 189 2306 ³)
217 2260 287 2295 Cfr.
311 2261 528 2307 Magdeburg.
554 2264 690 2299 Centur.
716 2264 776 2298 ῙῘῘ.
803 2278 875 2309 cap.
903 2265 954 2299 10.

155 2316 186 2362 ⁴)
214 2317 282 2351 cfr.
309 2318 361 2351 ed.
386 2328 487 2352 nostr.
515 2319 613 2352 Tum.
640 2320 698 2353 ΙΙΙ.
722 2332 795 2363 pag.
819 2318 894 2354 358.
