1422 2472
366 79 678 111 Oaicexmnouum
710 76 821 109 Lmen
849 75 892 108 Η.
1140 71 1182 106 21

55 171 200 210 tahatur3
233 169 418 200 affuturum
450 180 483 198 se
517 164 717 209 propediem
754 166 795 198 ad
829 176 953 197 cuneos
978 161 1186 195 adversario-

54 245 126 263 rum
160 231 395 275 proterendos.
452 229 564 261 Verba
601 239 675 260 sunt
708 226 906 272 Hieronymi
938 224 1035 270 epist.
1059 224 1113 258 61.
1145 224 1187 256 ad

53 292 244 325 pammach.
271 305 342 335 cap.
372 291 436 329 15,
461 289 555 333 cujus
590 289 724 331 vestigia
757 297 910 321 accurate
940 285 1185 332 persequimur.

53 354 109 386 Sic
135 367 213 395 ergo
239 353 403 385 animatus
428 351 577 392 egregius
603 351 660 382 ille
686 352 775 394 pacis
800 358 982 394 sequester,
1005 348 1185 387 Joanncm,

53 416 205 459 aliosque
231 412 446 446 dissensionis
471 411 568 456 hujus
594 412 776 456 participes
800 412 888 451 adit,
915 409 1186 453 legationemque

53 491 146 510 suam
179 475 356 508 renuntiat.
409 474 453 506 Et
483 486 602 517 pacem
639 472 850 505 conciliasset
878 473 1037 510 sortasse,
1066 471 1188 503 sinon

55 539 201 571 animum
229 535 432 578 Origenismi
457 535 626 566 fermento
652 534 820 565 imbutum
853 532 1075 577 prodidisset:
1109 544 1186 564 cum

55 602 143 633 enim
175 598 348 631 doctrinae
387 596 464 628 huic
494 596 662 628 infensum
694 594 941 641 Hieronymum
975 607 1044 626 esse
1075 593 1187 632 sciret,

55 663 174 694 iterum
201 660 338 704 quidem
363 670 400 690 ac
425 657 524 689 tertio
548 658 590 689 ad
616 670 692 689 eum
717 656 901 700 Theophili
924 656 1062 688 nomine
1079 667 1189 687 acces-

54 723 113 761 sit,
146 720 340 753 commissas
371 729 483 752 autem
514 718 579 751 sibi
611 706 723 751 literas
754 719 897 751 reddere
923 717 1043 751 noluit.
1093 716 1187 759 Que-

53 783 139 816 renti
164 792 275 815 autem
302 777 524 827 Hieronymo,
548 793 587 812 ac
611 780 754 813 dicenti:
783 779 840 813 »Si
862 780 988 821 legatus
1013 792 1057 819 es,
1081 777 1186 810 redde

57 845 230 887 legationis
255 843 433 887 epistolas3
470 842 495 875 si
522 842 680 887 epistolas
704 855 772 873 non
798 842 910 881 habes,
935 841 1113 886 quomodo
1138 840 1187 872 le-

55 917 167 950 gatum
193 915 226 938 te
250 904 460 950 probabis?«
499 904 613 937 literas
645 904 782 949 quidem
815 904 857 935 ad
889 916 966 936 eum
997 903 1119 934 habere
1152 913 1187 933 se

55 967 248 1013 respondit,
280 976 433 1008 rogatum
464 980 499 998 se
524 976 635 999 tamen
661 979 678 998 a
702 965 832 998 Joanne
857 978 898 997 ne
924 965 1091 997 redderet.
1138 963 1187 996 lta

56 1030 181 1064 favoris
204 1030 237 1062 in
261 1030 400 1062 alteram
424 1038 554 1072 partem
579 1028 772 1072 suspicione
803 1027 944 1072 injecta,
975 1039 1070 1070 spem
1094 1023 1186 1069 pacis

56 1091 218 1137 peremit,
258 1103 360 1133 reque
392 1089 517 1121 infecta
548 1089 707 1122 discessit.
755 1089 953 1121 Discedenti
986 1086 1186 1132 Apologiam

57 1166 120 1198 pro
144 1165 202 1184 sua
227 1164 321 1184 causa
345 1151 386 1182 ad
411 1151 641 1195 Theophilum
664 1150 804 1183 tradidit
827 1152 993 1189 Joannes,
1019 1149 1111 1193 cujus
1136 1147 1187 1179 lu—

60 1213 249 1247 cubrationi
275 1213 471 1245 interfuerat
496 1212 663 1251 Isidorus,
699 1222 731 1244 et
756 1225 894 1256 operam
919 1224 1011 1243 suam
1036 1209 1189 1242 contule-

59 1286 127 1309 rat:
155 1285 211 1307 »ut
235 1275 326 1307 idem
352 1283 467 1312 esset,«
493 1274 537 1306 ait
558 1274 784 1319 Hieronymus
811 1274 906 1318 epist.
924 1273 976 1307 61.
1001 1285 1071 1315 cap.
1096 1270 1128 1304 2.
1154 1278 1190 1301 et

60 1339 114 1372 15.
149 1346 210 1369 »et
250 1335 397 1368 dictator
431 1345 464 1367 et
493 1334 625 1379 bajulus
656 1335 868 1367 literarum.«
925 1333 1108 1367 Maximam
1139 1331 1190 1363 in-

60 1399 158 1432 terim
187 1400 328 1431 fratrum
360 1396 630 1436 multitudinem,
663 1406 697 1429 et
726 1398 971 1429 monachorum
1002 1396 1124 1428 choros
1154 1392 1190 1425 in

61 1460 247 1495 Palaestina
271 1459 333 1491 sibi
358 1471 425 1491 non
449 1458 752 1498 communicantes,
784 1460 902 1503 (verba
923 1467 1000 1491 sunt
1023 1456 1191 1500 Hierony-

63 1523 136 1566 mi,)
168 1521 262 1567 quasi
294 1521 406 1553 hostes
436 1520 594 1564 publicos
625 1520 814 1553 aestimavit
842 1521 1009 1559 Joannes,
1041 1531 1116 1550 cum
1148 1516 1190 1548 ad

63 1584 132 1629 ejus
160 1583 391 1625 refugiendam
425 1583 699 1614 communionem
733 1582 916 1627 Epiphanii
946 1580 1079 1614 monitu
1109 1578 1191 1611 suis-

61 1655 136 1678 sent
159 1645 336 1689 compulsi.
384 1645 597 1688 Responsum
629 1653 802 1688 praeterea
832 1645 873 1677 ad
903 1656 1004 1688 supra
1027 1653 1193 1674 memora-

63 1717 130 1738 tam
154 1705 336 1750 Epiphanii
370 1705 547 1749 epistolam
580 1706 658 1737 dare
690 1705 903 1747 dedignatus»,
929 1707 1073 1747 legatos,
1098 1702 1192 1747 quod

64 1769 156 1814 prius
180 1768 350 1800 minitatus
374 1769 493 1807 fuerat,
519 1780 764 1812 quaquaversus
789 1768 910 1807 mittit,
941 1766 999 1812 qui
1021 1774 1194 1798 accusato-

63 1831 126 1863 rias
151 1831 185 1862 in
209 1829 437 1874 Epiphanium
469 1830 580 1862 literas
605 1830 645 1862 ad
670 1829 899 1873 Theophilum
932 1827 1195 1861 Alexandrinum

67 1905 84 1923 a
107 1905 141 1924 se
167 1891 370 1935 conscriptas
399 1905 461 1936 per
491 1901 601 1923 totum
634 1893 751 1924 orbem
777 1891 1041 1929 disseminarent,
1074 1890 1134 1922 sed
1159 1888 1194 1919 in

68 1953 255 1986 Occidente
286 1953 514 1997 potissimum,
547 1953 686 1997 quibus,
717 1962 754 1985 ut
788 1953 938 1997 loquitur
968 1952 1194 1997 Hieronymus

71 2015 165 2057 epist.
190 2016 244 2049 62.
268 2028 340 2059 cap.
367 2014 410 2054 3.,
436 2015 699 2047 occidentalium
730 2016 943 2048 sacerdotum
975 2027 1070 2046 aures
1102 2026 1195 2044 com-

71 2087 230 2109 moveret.

120 2164 125 2171 ,
159 2137 236 2169 Xll.
283 2138 342 2170 His
373 2139 498 2171 excitus
527 2138 778 2177 Pammachius,
811 2140 919 2171 Roma
951 2138 1198 2182 Hieronymum

73 2208 165 2240 rogat
191 2212 250 2242 per
273 2199 396 2239 literas,
419 2209 456 2231 ut
481 2199 639 2244 quoniam
658 2202 843 2233 multorum
860 2201 990 2233 animos
1014 2198 1046 2230 in
1069 2197 1199 2229 diversa

74 2261 278 2293 distrahebat
301 2260 381 2293 haec
405 2261 598 2303 altercatio,
628 2262 810 2306 Epiphanii
833 2274 980 2294 caussam
1005 2258 1096 2299 aliis,
1126 2258 1198 2291 aliis
