1422 2472
380 66 692 102 Omszmuoaum
720 66 834 102 Lmen
860 66 909 104 11.
1133 65 1198 103 103

63 158 236 202 impurum
268 156 468 201 scriptorem
501 165 656 201 exoptem
689 166 746 190 aut
771 169 808 190 cx
841 157 1008 191 lectorum
1039 156 1194 191 manibus

64 219 191 260 excuti,
232 227 290 252 aut
327 231 458 252 summo
499 231 575 251 cum
611 217 737 263 judicio
773 232 791 253 a
827 219 984 253 studiosis
1019 218 1192 252 tractari.‹<

61 279 272 315 Moderatius
297 281 338 313 de
356 280 502 324 Origene
527 290 560 314 et
576 279 712 326 aequius
736 291 911 316 senserunt
935 290 968 315 ct
990 279 1194 327 scripserunt

61 342 382 386 Magdebmgmses,
413 355 476 388 pro
503 342 592 376 vitiis
623 355 699 376 eum
724 343 778 376 vel
808 343 988 378 virtutibus
1019 352 1192 378 ornantes:

63 418 267 451 quamquam
292 404 431 438 minime
454 404 545 449 ipsos
570 404 667 445 seras,
690 405 882 439 Adamantii
907 405 1096 440 orthodoxa
1110 418 1196 440 non·

60 467 172 508 nulla,
195 467 255 501 sed
280 475 389 500 sectae
414 478 492 499 suae
517 466 682 509 dogmatis
707 466 889 509 contraria,
920 469 954 502 in
980 468 1107 502 crimen
1129 477 1197 502 tra·

60 530 195 571 hentes;
216 528 328 575 aliqua
350 541 431 562 vero
455 540 633 573 perperam
657 528 723 574 ipsi
746 529 952 574 affingentes.
997 529 1194 564 Adamantii

59 590 94 625 in
117 592 285 626 Joannem
309 589 558 624 commentaria
587 589 622 623 in
645 591 775 625 Veneta
798 591 832 626 S.
856 591 966 626 Marci
988 591 1196 626 bibliotheca

60 654 188 687 Graece
209 661 326 686 nactus
351 651 548 685 Ambrosius
571 652 744 686 Ferrarius
768 652 1053 695 Mediolanensis,
1075 667 1194 688 mona·

59 716 139 750 chus
162 715 324 756 cassinas,
347 714 475 759 primus
494 713 609 748 Latine
634 714 811 757 convertit,
835 725 868 749 et
891 717 980 763 typis
1003 716 1194 750 commisit:

61 777 283 821 origenianae
313 790 394 810 vcro
428 777 536 810 famae
567 789 672 823 usque
704 778 789 812 adeo
824 778 994 812 studiosus
1025 778 1106 819 fuit,
1143 788 1192 819 ut,

60 842 141 874 dum
172 839 224 873 illi
248 838 475 885 patrocinatus
500 847 566 879 est,
596 851 715 884 parum
746 839 818 885 ipse
855 854 933 874 suae
966 840 1189 875 consuluerit:

59 902 210 949 quamvis
234 902 322 935 enim
344 914 474 935 summa
497 914 532 934 se
557 901 590 934 in
614 901 679 935 hoc
696 901 784 935 libro
810 904 974 937 vertendo
999 916 1099 937 usum
1122 903 1191 935 fide

58 967 100 1000 sit
124 967 325 1005 obtestatus,
348 964 511 997 nonnulla
534 973 647 998 tamen
673 965 828 999 consulto
851 975 979 1000 resecta
1003 965 1192 1011 deprehen-

58 1028 126 1068 das,
149 1027 184 1060 in
207 1026 328 1071 quibus
352 1039 370 1059 a
393 1034 487 1059 recto
506 1025 711 1060 Christianae
729 1028 903 1062 doctrinae
925 1028 1010 1063 calle
1028 1027 1192 1072 Origenes

59 1091 277 1122 aberraverat.
338 1088 376 1121 ln
412 1089 657 1133 nuncupatoria
692 1099 866 1134 praeterea
896 1091 938 1124 ad
967 1089 1100 1124 Julium
1124 1090 1185 1123 Ill.

57 1151 254 1197 pontificem
283 1149 465 1183 maximum
495 1149 656 1194 epistola,
686 1152 812 1195 magnis
841 1165 913 1186 sese
942 1151 1107 1186 sumtibus
1130 1151 1190 1184 ad-

59 1214 182 1247 eundas
207 1226 335 1247 curasse
360 1221 470 1246 narrat
494 1212 746 1255 celeberrimas,
779 1227 864 1259 quae
888 1214 1014 1260 ubique
1038 1213 1189 1257 gentium

57 1285 152 1316 sunt,
183 1275 423 1316 bibliothecas,
454 1275 561 1308 missis
587 1275 704 1315 etiam,
735 1275 792 1321 qui
816 1284 922 1310 totam
946 1277 1189 1321 perlustrarent

58 1336 250 1378 Graeciam,
281 1347 313 1371 et
343 1337 371 1370 si
396 1350 480 1382 quac
504 1337 776 1370 nanciscerentur
797 1338 921 1383 scripta
946 1338 1120 1381 Origenis.
1150 1350 1190 1372 ca

57 1402 97 1434 ad
121 1413 155 1433 sc
179 1408 399 1445 asportarent.
444 1399 533 1432 Hinc
564 1400 648 1432 adeo
680 1400 924 1445 locupletatus,
953 1400 1061 1433 multa
1083 1399 1188 1445 ipsius

58 1472 90 1495 et
104 1460 236 1509 γνήσια
262 1474 365 1506 opera
388 1461 505 1506 praelo
531 1463 681 1506 parabat.
718 1463 815 1506 Quae
842 1477 900 1496 cur
923 1463 959 1495 in
983 1462 1095 1495 lucem
1118 1474 1188 1495 non

56 1524 218 1565 venerint,
243 1524 443 1567 ignoramus.
482 1524 640 1557 'l'utando
658 1525 813 1568 Origenis
836 1525 967 1558 nomini
991 1525 1110 1558 utilem
1127 1524 1189 1557 ali-

58 1596 182 1633 quanto
208 1597 286 1633 post
310 1600 448 1632 operam
480 1587 624 1620 contulit
647 1587 760 1621 Sixtus
784 1587 942 1621 Senensis
972 1600 990 1620 c
1013 1587 1192 1620 Praedica-

56 1660 169 1683 torum
194 1648 336 1683 familia:
369 1649 538 1692 egregium
564 1649 690 1695 quippe
721 1649 774 1682 illi
803 1649 837 1682 in
865 1649 1094 1684 bibliothecae
1118 1663 1191 1684 san-

57 1723 129 1747 ctae
154 1712 242 1746 libro
268 1721 388 1758 quarto
417 1711 566 1754 elogium
591 1712 817 1753 consecravit,
848 1712 881 1745 in
906 1727 973 1759 quo
999 1727 1066 1747 non
1091 1713 1189 1746 illum

56 1775 167 1808 solum
193 1774 326 1808 extollit
356 1774 563 1820 praeconiis,
591 1775 651 1807 sed
674 1774 840 1808 librorum
865 1775 964 1809 etiam
999 1776 1104 1822 ipsius
1128 1790 1191 1810 nu-

57 1850 188 1871 merum
218 1847 386 1877 recenset,
422 1847 454 1870 ct
490 1837 632 1880 genuina
667 1850 685 1870 a
717 1838 838 1883 spuriis
870 1839 1000 1872 erudite
1036 1839 1188 1872 secernit.

57 1900 197 1934 Errores
232 1912 313 1932 vero
350 1899 381 1932 in
418 1899 685 1934 Annotationum
721 1900 815 1934 libris
852 1911 946 1935 notat
982 1911 1016 1934 et
1054 1901 1189 1935 excutit.

58 1962 181 1996 Parum
211 1962 314 2009 ipsius
345 1962 432 1995 ratio
459 1962 592 1996 Caesari
621 1963 819 2008 Batonio')
844 1963 1014 1998 Cardinali
1048 1965 1192 2011 probat-2

60 2033 127 2067 est;
159 2023 215 2070 qui
242 2038 316 2058 cum
342 2025 546 2058 alienissimo
572 2035 657 2059 esset
680 2026 837 2059 adversus
861 2027 1042 2070 Origenem
1066 2025 1192 2064 animo,

60 2098 290 2132 summamque
314 2088 348 2120 in
373 2100 450 2120 eum
473 2087 552 2134 styli
583 2088 796 2133 asperitatem
827 2098 860 2122 et
895 2087 1133 2123 nclementiam
1157 2087 1193 2120 in

57 2140 245 2182 ‘Annalibus
270 2159 454 2191 exerceret,
486 2150 608 2196 carpsit
639 2150 739 2184 etiam
772 2160 805 2183 et
830 2151 941 2185 obiter
972 2151 1082 2193 tetigit
1112 2149 1191 2187 reli-

160 2271 191 2320 ¹)
219 2271 288 2308 Cfr.
312 2272 435 2312 Baron.
460 2275 501 2309 ad
526 2287 600 2313 anu.
624 2274 699 2313 256.
727 2287 797 2323 ⁴:³1³·
821 2274 871 2313 11·
