1413 2482
189 94 232 128 74
279 121 283 127 .
510 95 625 128 Pmm
648 71 822 129 Dmuzus
848 96 979 129 Ηυετιι

191 185 360 226 dogmata,
386 186 509 229 quibus
534 185 696 217 ecclesiae
722 187 986 218 conturbabatur
1009 187 1251 232 tranquillitas,
1283 187 1325 218 de

188 246 304 279 medio
329 246 543 279 tollerentur.
591 247 720 280 Annuit
752 247 956 292 imperator,
989 258 1021 281 et
1048 248 1199 282 Antonio
1226 250 1326 281 Asca—

190 309 354 347 lonitan0‚
380 318 412 340 et
436 309 619 342 Zachariae
652 309 768 342 Pellae
804 309 975 355 episcopis
1007 322 1068 355 per
1092 310 1205 344 literas
1230 310 1326 343 dedit

188 371 375 412 negotium,
399 380 435 403 ut
461 371 517 403 has
537 372 756 416 profligarent
781 371 944 411 haereses,
970 381 1003 405 et
1019 372 1224 406 anathemati
1247 372 1325 405 sub-

188 432 338 477 jicerent.

277 495 338 527 Ill.
386 495 458 528 Sub
483 495 584 528 finem
609 496 778 541 sequentis
802 496 880 529 anni
898 495 1051 529 humanis
1075 505 1209 529 exemto
1226 495 1324 535 Saba,

186 568 344 598 magnum
370 557 403 589 in
428 557 617 591 Palaestina
642 558 888 591 incrementum
916 558 1151 601 Origenismus
1175 555 1323 601 accepit:

186 616 381 663 hujusmodi
406 619 496 652 enim
521 619 720 662 castigatore
746 621 923 666 expeditus
945 622 1096 659 Nonnus,
1122 618 1322 652 administro

185 693 264 713 usus
288 681 446 723 Leontio,
470 694 539 714 non
564 683 698 715 Novam
722 683 834 716 solum
858 684 1020 723 Lauram,
1050 682 1109 715 sed
1133 681 1198 714 alia
1222 680 1323 713 etiam

184 741 283 787 hujus
308 743 414 776 eremi
438 744 642 778 monasteria
667 747 728 778 hac
753 754 848 790 peste
873 745 1010 778 afflavit.
1049 744 1187 777 Frustra
1210 753 1324 776 tamen

184 804 218 836 in
244 807 497 851 corrumpendo
522 807 705 841 Sucaeensi
729 807 891 840 asceterio
916 816 1055 843 conatus
1072 819 1150 839 suos
1168 818 1324 839 consum—

184 865 244 906 sit,
275 877 363 901 artes
391 868 487 901 illius
518 870 715 902 exsufflante
748 869 912 916 Cyriaco,
944 869 1161 902 admirandae
1193 866 1324 900 virtutis

184 942 276 964 sene.
332 930 441 973 Igitur
479 940 516 963 ut
555 932 597 964 ad
628 931 823 964 monasterii
856 931 953 977 hujus
983 930 1132 973 regimen
1162 930 1324 972 allegere-

183 992 284 1036 (ιιι-1)
310 993 432 1026 Petrus
459 993 723 1034 Alexandrinus,
749 993 993 1036 Origenisticae
1018 992 1071 1025 vir
1093 991 1247 1025 addictus
1271 1004 1323 1025 se-

184 1063 269 1095 ctae,
292 1054 439 1099 perfecit
463 1056 622 1089 Nonnus:
656 1068 773 1089 verum
804 1065 842 1089 ut
876 1055 903 1089 is
935 1055 1124 1089 doctrinam
1149 1066 1243 1087 suam
1268 1066 1323 1086 ex-

181 1116 311 1160 plicare
336 1117 468 1161 coepit,
500 1130 622 1160 magno
657 1118 785 1151 statim*
801 1118 954 1151 omnium
981 1130 1146 1150 consensu
1171 1115 1321 1162 dejectus

184 1187 243 1211 est.
290 1179 430 1212 Petrum
455 1178 560 1212 alium
584 1179 728 1213 Graecia
752 1180 947 1221 oriundum,
972 1178 1097 1224 prioris
1121 1178 1214 1212 Petri
1239 1190 1319 1211 con-

180 1240 326 1273 similem
352 1251 386 1274 et
410 1241 619 1286 partiarium,
645 1241 745 1287 eique
769 1255 787 1275 a
816 1242 932 1276 Nonni
963 1241 1096 1275 asseclis
1125 1240 1322 1282 suffectum,

183 1302 352 1337 Catholici
376 1303 498 1336 itidem
522 1304 722 1338 abdicarunt
754 1304 931 1347 dignitate,
965 1313 998 1336 et
1030 1303 1225 1337 Cassianum
1249 1312 1321 1336 tan·

181 1365 260 1397 dem
285 1365 628 1411 Scythopolitanum‚
659 1366 740 1399 fidei
763 1379 801 1399 ac
824 1379 960 1398 morum
983 1365 1174 1407 integritate
1197 1366 1321 1398 floren-

182 1436 273 1467 tem,
309 1427 505 1459 monasterii
540 1427 738 1461 Sucaeensis
771 1428 1066 1460 archimandritam
1099 1428 1318 1462 constituunt.

180 1488 350 1534 Cyrillum
375 1502 511 1533 quoque
528 1490 744 1530 monachum,
770 1490 827 1535 qui
850 1490 957 1523 Sabae
978 1490 1078 1522 vitam
1098 1489 1203 1523 literis
1227 1503 1320 1523 man-

181 1552 291 1591 davit,
321 1552 363 1584 ad
395 1552 538 1584 eundem
571 1552 750 1598 Cyriacum
783 1552 895 1585 literas
927 1552 1017 1585 serre
1050 1551 1146 1598 jussit
1170 1553 1318 1585 Joannes

179 1613 405 1653 Silentiarius,
429 1614 620 1659 episcopus,
646 1615 678 1647 in
704 1616 812 1649 Sabae
836 1615 945 1647 Laura
968 1623 1048 1647 tunc
1068 1614 1234 1659 temporis
1258 1614 1318 1648 de-

179 1674 346 1715 litescens,
372 1675 572 1717 Origenistis
597 1676 766 1717 infensus,
797 1677 919 1722 quibus
945 1677 1040 1710 enixe
1065 1678 1107 1710 ab
1131 1689 1172 1710 eo
1197 1685 1317 1721 postu·

179 1737 281 1777 labat,
304 1747 343 1770 ut
366 1738 480 1770 Nonni
504 1751 542 1771 ac
559 1739 704 1779 Leontii,
727 1739 941 1784 aliorumque
956 1739 1233 1782 Origenistamm,
1259 1738 1317 1784 qui

178 1800 311 1832 Novam
337 1801 479 1833 Lauram
503 1800 711 1841 insidebant,
752 1801 1022 1834 confutationem
1054 1811 1088 1834 et
1119 1801 1273 1834 exsilium
1297 1813 1317 1833 a

179 1862 256 1894 Deo
282 1862 491 1906 impetraret.
540 1864 733 1908 Respondit
769 1863 927 1910 Cyriacus
967 1876 1076 1908 prope
1111 1876 1197 1903 esse,
1239 1876 1314 1895 cum

179 1923 368 1956 miserrime
398 1924 540 1957 Nonnus
574 1935 607 1958 et
639 1925 802 1958 Leontius
834 1935 943 1959 essent
973 1924 1161 1965 interituri,
1192 1923 1316 1969 reliqui

179 1999 261 2019 vero
287 1986 439 2030 ipsorum
465 1988 609 2019 asseclae
636 2001 652 2019 e
679 1989 774 2020 Nova
800 1989 906 2020 Lam-a
932 1987 1192 2031 expellerentur.
1224 1987 1314 2020 Tum

178 2061 351 2082 sermones
377 2049 465 2080 hunc
490 2049 578 2081 inter
603 2059 635 2082 et
661 2049 826 2095 Cyrillum
853 2050 894 2082 de
919 2050 1019 2082 rebus
1045 2049 1313 2091 Origenistarum

178 2111 269 2144 ultro
297 2110 451 2154 citroque
476 2110 610 2143 habitos
635 2111 737 2144 fuisse
762 2122 872 2144 narrat
897 2112 1037 2145 Simeon
1062 2112 1314 2156 metaphrastes,

178 2187 195 2206 a
222 2187 290 2218 quo
317 2172 449 2218 Cyriaci
474 2173 540 2205 vita
565 2173 753 2218 conscripta
780 2184 837 2206 cst.
883 2173 978 2206 Circa
1004 2174 1069 2206 hoc
1094 2174 1204 2218 ipsum
1229 2183 1314 2207 tem-

277 2298 306 2340 ¹)
332 2297 394 2329 Ed.
421 2296 538 2329 Huetii
563 2296 667 2330 altera
692 2296 796 2329 male:
822 2296 1035 2340 allegaretur.
