1422 2472
389 84 703 116 (juror-:amaneum
731 83 842 114 Lim-:n
868 80 910 113 ΙΙ.
1200 75 1219 108 7

80 173 202 205 ciuium
229 173 355 205 haeresi
380 186 458 205 suae
484 183 686 218 quaerentes*
717 172 849 212 Ariani,
876 169 1066 204 Adamantii
1089 179 1215 200 nomen

80 247 210 267 caussae
235 248 315 267 suae
339 245 532 279 praetexere
557 236 767 268 studuerunt.
815 235 863 267 Ex
889 234 993 278 ipsius
1026 244 1104 273 ergo
1132 242 1213 273 ope-

78 296 169 328 ribus
195 297 404 339 collegerunt
429 297 622 338 diligenter,
662 309 880 341 quaecunque
913 294 993 328 Filii
1017 291 1212 335 dignitatem

80 358 297 397 labefactare,
329 360 380 390 vel
411 372 503 391 suam
536 359 682 403 denique
716 359 757 391 de
782 359 947 392 Trinitatc
981 355 1212 400 opinationem

79 418 193 462 juvare
225 421 432 452 videbantur.
481 423 592 464 Atque
624 421 657 453 id
690 420 868 454 tolerabile
895 429 976 462 erat,
1011 418 1038 450 si
1062 419 1123 450 liae
1148 415 1213 448 funt*¹

80 482 237 514 vecordia
263 482 413 526 ipsorum
439 483 603 523 stetisset;
635 495 750 515 verum
783 482 928 515 nefariae
961 480 1060 514 etiam
1086 476 1212 511 doctri-

78 556 138 575 nae
164 543 253 575 virus
277 543 395 576 iisdem
422 544 544 589 passim
569 545 764 576 asfuderunt
789 543 938 588 scriptis,
970 552 1007 575 ut
1030 554 1128 574 suum
1154 552 1213 583 pe-

78 604 166 637 nitus
191 604 372 646 Origenem
399 607 558 638 facerent.
609 605 711 651 Cujus
743 607 784 638 ad
810 606 1005 638 elevandam
1031 601 1211 636 auctorita-

77 675 157 706 tem,
181 679 245 711 qua
273 676 399 700 tantum
423 667 653 710 gloriabantur
678 668 804 708 Ariani,
829 668 982 700 animum
1007 664 1212 710 appulerunt

77 728 288 769 orthodoxi;
320 729 580 762 reclamantibus
615 743 632 761 e
670 730 840 762 contrario
873 728 1022 768 Arianis,
1059 736 1092 759 et
1114 737 1211 758 suun·

77 790 300 832 Origenianae
324 786 564 824 doctrinae'ac
593 792 702 824 famae
732 792 899 824 honorem
929 789 1055 824 servari
1089 786 1211 821 merito

77 852 280 885 volentibus.
336 852 432 896 Quot
464 867 542 896 ergo
575 854 645 886 sere
677 855 728 886 vel
761 855 910 886 fautores
941 852 1058 885 habuit
1088 849 1211 883 Ariana

76 914 232 954 haeresis,
257 915 310 946 vel
335 925 607 960 oppugnatores,
638 916 781 948 totidem
814 915 1067 960 propemodum
1092 911 1211 953 Orige-

77 976 211 1008 nianam
243 977 432 1009 doctrinam
471 977 524 1009 vel
561 978 707 1021 amplexi
738 987 834 1017 sunt,
871 977 924 1010 vel
949 973 1124 1009 detestati:
1148 986 1210 1006 nec

76 1038 213 1070 aliunde
245 1047 461 1083 tempestates
492 1039 650 1071 adversus
678 1052 753 1071 eum
787 1039 852 1071 hoc
887 1049 1044 1083 tempore
1077 1043 1210 1069 coortas

77 1099 243 1132 existimo.
290 1100 441 1132 Pax-tium
478 1100 616 1132 istarum
654 1101 763 1133 studia
804 1101 983 1133 manifesto
1025 1111 1140 1131 cernas
1176 1096 1209 1128 iu

76 1161 265 1194 clarissimis
288 1161 410 1193 horum
436 1171 628 1205 temporum
653 1162 874 1206 praesulibus,
898 1161 1074 1195 Eustathio
1092 1158 1212 1192 Antio-

77 1224 196 1263 cheno,
221 1233 254 1255 et
278 1223 426 1255 Eusebio
454 1223 667 1257 Caesariensi.
715 1224 781 1256 Hic
815 1225 958 1257 Arianae
989 1221 1144 1256 factionis
1169 1220 1211 1253 si-

76 1285 194 1327 gnifer,
220 1285 509 1329 quemadmodum
539 1287 732 1330 appellatur
762 1288 803 1318 ab
835 1286 1045 1330 Hieronymo
1078 1283 1153 1316 libr.
1179 1283 1209 1316 1.

76 1347 110 1379 in
134 1346 246 1380 Rufin.
279 1359 350 1390 cap.
375 1346 424 1386 2.‚
461 1356 497 1379 ut
527 1348 751 1390 Origenianae
782 1349 890 1381 famae
924 1348 1132 1384 consuleret,
1169 1344 1209 1376 ad

75 1407 287 1441 scribendam
311 1421 375 1452 pro
401 1409 548 1451 Origene
562 1409 768 1454 Apologiam
786 1409 918 1442 induxit
941 1408 1086 1442 amicum
1112 1420 1210 1440 suum

78 1480 110 1502 et
134 1470 335 1504 familiarem
359 1471 578 1515 Pamphilum
603 1473 854 1518 presbyterum,
890 1471 1046 1513 Origenis
1070 1471 1115 1503 ita
1140 1478 1211 1502 stu-

78 1532 230 1572 diosum,
262 1541 300 1564 ut
331 1545 447 1565 omnes
473 1532 629 1575 Origenis
663 1533 768 1566 libros
791 1534 1016 1579 undequaque
1043 1531 1212 1577 conquisi-

75 1604 128 1627 tos
154 1593 361 1628 Caesariensi
386 1595 547 1627 ecclesiae
573 1595 754 1635 dedicaret,
779 1596 897 1640 (verba
916 1605 993 1628 sunt
1009 1593 1210 1640 Hieronymi

74 1657 108 1689 in
133 1656 268 1701 epistol.
290 1657 332 1688 ad
358 1657 539 1700 Marcell),
565 1666 598 1689 et
614 1657 792 1689 maximam
813 1671 932 1690 eorum
955 1666 1084 1702 partem
1110 1669 1211 1688 manu

76 1731 134 1751 sua
159 1718 380 1758 describeret,
412 1718 467 1763 qui
494 1719 695 1764 Hieronymi
725 1722 838 1752 aetate'
861 1720 894 1752 iu
920 1718 1126 1752 Caesariensi
1151 1717 1209 1750 Bi-

76 1780 247 1812 bliotheca
279 1780 380 1812 etiam
417 1790 488 1813 tum
528 1783 754 1814 servabantur.
821 1782 978 1814 Caussam
1019 1779 1210 1825 Apologiae

76 1843 272 1876 scribendae
302 1841 385 1874 hanc
417 1842 518 1875 suisse
549 1854 658 1876 narrat
690 1843 831 1877 Photius
864 1843 949 1876 Cod.
977 1843 1071 1882 118,
1106 1852 1143 1874 ut
1168 1843 1207 1874 ad

76 1904 151 1949 pios
183 1904 338 1936 homines
367 1905 407 1936 ad
449 1905 584 1937 metalla
618 1907 662 1937 ob
696 1906 821 1939 Christi
855 1918 1002 1938 caussam
1035 1906 1210 1937 damnatos

77 1966 189 1998 solatii
215 1979 294 2007 ergo
321 1966 522 1999 mitteretur.
571 1968 658 2000 Cum
695 1981 766 2000 eam
800 1982 879 1999 vero
905 1966 1064 2012 martyrio
1092 1966 1211 1998 esstin-

81 2033 151 2060 ctus
182 2027 357 2059 absolvere
391 2041 458 2059 non
483 2029 665 2072 potuisset,
700 2043 890 2074 supremam
923 2028 1043 2073 adjecit
1076 2041 1211 2059 manum

81 2087 256 2129 Eusebius,
282 2099 314 2121 et
340 2089 373 2121 in
399 2090 548 2122 Historia
575 2105 711 2136 quoque
743 2091 964 2124 ecclesi-'istim
998 2105 1058 2135 pro
1094 2090 1212 2130 (Ji-ige-

76 2148 178 2181 vniana
204 2163 315 2183 caussa
340 2152 509 2195 praeclare
537 2153 729 2185 decertavit.
781 2155 885 2194 Aegre
919 2153 1057 2197 quidem
1088 2152 1122 2183 id
1150 2152 1212 2183 leit

85 2211 274 2243 Anastasius
298 2211 592 2254 Bibliothecarius,
618 2228 693 2247 nam
720 2215 750 2247 iu
778 2215 926 2247 Historia
950 2216 991 2246 ad
1016 2227 1089 2246 ann.
1117 2213 1212 2246 Clu-i-

85 2272 125 2303 sti
149 2271 225 2305 2⁴14.
249 2280 283 2303 ct
305 2272 380 2306 246.
411 2287 480 2307 nou
510 2277 615 2308 semet
640 2277 791 2321 queritur
815 2279 1001 2309 multotum
1028 2276 1150 2321 pietate
1177 2289 1212 2308 ae
