1422 2472
384 102 698 134 Oarcssmmonum
733 99 847 133 Lim-:R
873 101 917 133 11.
1152 100 1194 135 33

58 202 134 224 nun.
157 189 253 229 402„
286 190 319 222 in
353 203 416 234 qua
447 191 630 223 notandum
665 189 777 234 primo
803 190 888 223 illud
915 198 979 229 est,
1010 188 1125 221 multis
1149 190 1190 221 ab

58 264 101 283 eo
127 251 280 284 laudibus
303 253 469 285 Joannem
494 251 698 294 Origenismi
730 252 810 285 licet
833 260 1025 296 suspectum
1051 250 1188 291 extolli3

59 313 183 346 deinde
207 323 241 346 et
262 313 369 347 istud:
397 314 579 355 »Origenes
603 323 732 355 autem,
763 313 855 358 cujus
888 313 921 346 in
951 322 1098 345 nostram
1126 312 1189 344 lin-

57 386 155 415 guam
181 376 367 419 composita
399 376 559 408 derivavit
592 375 766 419 (Rufinus)
798 384 874 407 ante
899 373 973 419 quis
997 373 1117 412 suerit,
1154 373 1187 405 in

59 449 143 480 quae
167 437 368 481 processerit
385 438 495 476 verba,
518 446 670 468 nostrum
689 437 902 481 propositum
923 435 1094 468 nescivit«
1124 434 1190 466 Ad-

60 497 110 529 dit
134 498 292 530 Rufinum
317 498 377 530 hac
401 497 677 541 interpretatione
703 498 806 529 {idem
840 499 880 529 ab
914 497 1087 541 Apostolis
1109 509 1189 541 pro-

59 568 210 602 pagatam
236 559 362 591 violare
387 559 551 599 voluisse.;
574 571 642 591 non
669 560 825 591 damnare
847 569 969 598 tamen,
993 559 1020 591 si
1045 571 1062 590 a
1086 558 1189 590 tradi-

58 621 99 652 tis
123 620 157 652 in
180 621 399 665 interpretato
426 620 540 664 Opere
565 620 728 661 dogmatis
753 621 948 662 abhorreat3
972 621 1129 652 damnare
1154 633 1188 651 se

59 682 208 726 penitus,
239 682 265 714 si
296 682 415 714 iisdem
446 681 653 715 assentiatur.
701 682 789 714 Tum
814 681 916 726 paulo
943 691 1036 726 post:
1077 682 1188 714 »lllud

57 755 204 787 quoque,
228 742 348 788 inquit,
373 743 474 788 quod,
491 743 635 775 evenisse
661 743 809 785 gaudeo,
844 753 954 776 tacere
986 756 1054 776 non
1078 743 1188 787 potui,

56 804 325 837 beatissimorum
349 805 541 849 principum
566 817 714 837 manasse
739 818 914 850 responsa,
939 801 1060 850 quibus
1085 818 1187 838 unus-

58 866 198 911 quisque
233 868 310 899 Deo
352 867 497 899 serviens
536 868 577 899 ab
614 867 768 908 Origeuis
804 867 951 899 lectione
991 875 1188 907 revocetur3

57 928 349 973 damnandumque
380 928 542 961 sententia
573 929 785 973 principum,
819 941 920 973 quem
945 928 1048 960 lectio
1073 941 1185 960 rerum

56 990 195 1033 profana
220 990 441 1035 prodiderit.«
491 991 591 1023 Suam
618 991 753 1022 demum
778 1004 880 1034 super
905 991 1030 1023 Rufino
1054 999 1187 1023 senten-

55 1051 134 1084 tiam
160 1052 210 1084 his
236 1052 345 1084 verbis
370 1052 524 1096 exponit:
559 1053 714 1096 ultaque,
746 1053 851 1084 frater
874 1051 1059 1091 carissime,
1093 1051 1186 1084 omni

56 1113 246 1158 suspicione
269 1114 435 1157 seposita,
470 1113 629 1145 Rufinum
655 1113 758 1153 scito,
794 1114 885 1157 quod
910 1113 1049 1157 propria
1073 1123 1186 1145 mente

57 1175 212 1215 origenis
237 1175 324 1206 dicta
349 1175 382 1206 in
407 1175 562 1207 Latinum
586 1174 756 1207 transtulit
780 1187 818 1206 ae
842 1174 1010 1217 probavit,
1034 1187 1096 1206 nec
1121 1175 1186 1206 dis-

57 1236 174 1268 similis
198 1237 240 1268 ab
265 1249 306 1268 eo
322 1245 379 1275 est,
405 1237 461 1280 qui
479 1236 596 1268 alienis
615 1235 702 1268 vitiis
718 1244 865 1280 praestat
881 1248 1059 1268 assensum.
1095 1236 1185 1269 Illud

55 1307 165 1330 tamen
189 1297 273 1330 scire
300 1298 400 1342 cupio
433 1298 478 1330 ita
510 1297 624 1329 haberi
656 1310 674 1329 a
703 1297 826 1329 nostris
850 1297 1001 1341 partibus
1025 1297 1185 1337 alienum,

54 1368 91 1391 ut
116 1359 196 1404 quid
220 1368 304 1400 agat,
328 1359 388 1392 ubi
411 1358 464 1398 sit,
487 1358 615 1391 nescire
636 1358 819 1402 cupiamus.
867 1359 942 1402 Ipse
967 1358 1112 1403 denique
1136 1360 1184 1392 vi—

55 1421 161 1460 derit,
183 1421 240 1452 ubi
266 1420 373 1465 possit
404 1420 565 1453 absolvi«
627 1419 797 1462 Quocirca
828 1420 988 1452 Rufinum
1021 1419 1067 1453 ita
1099 1422 1184 1453 allo-

54 1483 168 1527 quitur
198 1482 425 1528 Hieronymus
460 1481 606 1525 Apolog.
639 1481 696 1513 lib.
722 1481 781 1513 Ill.
807 1494 878 1525 cap.
903 1480 934 1515 6.
985 1483 1097 1515 »Vade
1121 1496 1183 1527 po-

53 1544 117 1576 tius
142 1545 303 1583 Romam,
336 1553 368 1575 et
399 1555 557 1587 praesens
587 1543 677 1586 apud
709 1555 786 1574 eum
818 1543 1026 1586 (Romanum
1052 1545 1183 1589 episco-

53 1607 152 1650 pum)
177 1605 371 1650 expostula,
402 1618 461 1637 cur
483 1605 546 1636 tibi
571 1614 604 1636 et
628 1603 775 1644 absenti,
810 1613 843 1636 et
867 1603 1040 1637 innocenti
1064 1606 1181 1639 fecerit

54 1666 312 1708 contumeliam;
336 1666 484 1710 primum
508 1675 546 1698 ut
561 1679 631 1698 non
654 1665 820 1710 reciperet
837 1665 1083 1710 expositionem
1102 1667 1181 1700 fidei

53 1738 139 1768 tuae,
163 1741 261 1772 quam
288 1728 415 1767 omnis,
439 1737 477 1760 ut
501 1727 636 1767 scribis,
669 1727 762 1759 ltalia
788 1727 1041 1771 comprobavit,
1068 1738 1100 1761 et
1123 1730 1181 1762 ba-

53 1791 131 1822 culo
153 1800 286 1822 tuarum
311 1789 361 1822 uti
384 1789 531 1821 noluerit
556 1789 727 1822 literarum
754 1798 870 1821 contra
891 1802 987 1821 canes
1003 1799 1096 1822 tuos:
1122 1791 1181 1823 de-

53 1851 130 1884 inde
154 1860 192 1884 ut
217 1851 374 1895 epistolas
400 1861 514 1883 contra
539 1861 572 1883 te
596 1852 637 1883 ad
661 1851 837 1884 Orientem
863 1851 1021 1891 mitteret,
1046 1861 1080 1883 et
1105 1865 1181 1885 cau-

54 1912 174 1944 terium
198 1912 261 1944 tibi
284 1912 470 1952 haereseos,
495 1913 574 1944 dum
591 1913 708 1952 nescis,
732 1913 892 1953 inureret,
917 1913 1112 1958 diceretque
1138 1914 1179 1946 li-

55 1974 134 2006 bros
158 1973 312 2016 Origenis
345 1977 429 2019 περὶ
458 1973 580 2018 ἀρχῶν
611 1987 628 2006 a
659 1983 692 2006 te
725 1987 794 2006 esse
819 1974 1013 2014 translatos,
1044 1984 1077 2007 et
1099 1975 1179 2008 sini-

54 2034 135 2078 plici
158 2035 329 2068 Romanae
355 2036 516 2068 ecclesiae
540 2036 633 2080 plebi
657 2036 810 2076 traditus,
834 2046 871 2068 ut
894 2037 972 2069 fidei
994 2038 1179 2078 veritatem,

56 2107 154 2139 quam
177 2097 218 2128 ab
242 2097 410 2140 Apostolo
445 2097 647 2137 didicerant,
678 2111 740 2142 per
763 2107 795 2130 te
820 2099 1020 2143 perderent;
1051 2109 1084 2131 et
1109 2113 1176 2143 quo

55 2157 115 2189 tibi
152 2156 311 2201 majorem
338 2159 463 2190 faceret
487 2158 666 2198 invidiam,
701 2172 798 2192 ausus
834 2158 876 2192 sit
913 2160 1081 2192 criminari
1117 2161 1178 2192 hos

55 2218 158 2262 ipsos,
181 2217 401 2251 Praefationis
416 2228 492 2251 tuae
505 2220 699 2252 testimonio
715 2222 925 2253 roboratos«
968 2221 1061 2264 Quin
1079 2221 1177 2253 etiam

59 2280 90 2311 in
123 2278 219 2323 epist,
242 2278 296 2312 82.
327 2280 369 2311 ad
398 2281 636 2313 Marcellinum
668 2291 700 2314 et
733 2283 994 2327 Anapsychiam,
1033 2295 1102 2314 sese
1134 2283 1179 2315 ait

105 2342 282 2373 (mim-:ms
307 2340 443 2374 OPERA.
468 2341 564 2376 Tom.
588 2343 710 2377 XXIV.
963 2344 984 2377 :5
