1422 2472
380 99 695 135 Omnem-mmmm
719 99 834 134 Lmen
857 100 917 136 111.
1141 101 1206 139 153

71 193 244 238 quomodo
272 191 401 225 Graece
426 204 459 224 se
485 191 625 229 habent,
657 199 796 223 enarrat.
852 191 1010 236 Exempli
1042 192 1145 233 gratia
1168 192 1204 226 in

71 254 239 287 Psalmum
265 253 320 288 36.
356 253 419 286 Hic
445 252 581 297 (inquit,
606 252 706 283 verba
723 250 847 284 faciens
873 252 914 284 de
939 263 1032 286 textu
1056 254 1203 299 quodam

70 316 103 349 in
133 315 436 359 Deuteronomio,)
476 313 536 347 ubi
566 312 682 346 Latine
713 313 881 346 dicitur-z«
926 315 1056 360 »»In¹)
1094 316 1206 350 zelum

68 378 277 411 adduxerunt
301 389 366 417 me,
391 386 423 409 et
448 388 509 418 ego
534 375 569 408 in
593 376 703 408 zelum
728 376 962 409 adducam:¹«‹
991 376 1046 410 »iu
1071 376 1204 411 Graeco

71 440 160 473 idem
185 439 256 484 ipse
280 451 392 472 sermo
418 447 478 478 cst,
502 437 559 483 qui
586 446 617 470 et
640 438 675 470 in
699 437 824 470 Psalmi
847 437 946 471 initio
971 447 1022 471 cst
1046 439 1204 473 dictus:«

72 501 286 534 »nAemulati
319 510 395 533 sunt
427 513 499 539 me,
531 508 564 532 ct
595 511 655 541 ego
688 500 885 533 aemulabor
917 512 1032 534 eos.««
1081 501 1207 536 Parum

71 563 242 596 enimvero
266 571 444 608 perspecta
467 561 531 595 fuit
554 560 632 594 huic
658 561 789 594 censori
820 561 937 595 Rufini
967 562 1120 604 licentia,
1152 564 1208 598 cui

71 625 210 658 solenne
243 634 290 658 est
321 623 488 670 ejusmodi
520 622 748 656 additamenta
771 623 814 656 ad
838 624 986 657 auctoris
1011 634 1207 661 contextum

71 686 224 732 adjicere.
271 686 348 719 Hoc
372 685 535 731 amplius,
565 685 723 718 Erasmus
756 698 793 718 ex
819 685 1031 728 Origenianis
1055 687 1090 721 in
1113 688 1208 721 Psal-

70 748 191 782 terium
225 747 485 787 Commentariis
524 748 743 792 depromtum
780 747 868 781 hunc
905 748 1136 783 Homiliarum
1167 751 1209 783 li—

68 812 178 851 brum,
201 809 341 843 liberius
368 823 585 850 conversum,
610 819 643 843 et
667 810 701 843 in
725 809 894 843 Homilias
919 810 1121 853 dissectum,
1145 812 1208 845 irn-

69 871 159 905 mani
189 884 326 917 prorsus
360 871 498 905 audacia
531 871 708 918 conjectat.
764 874 851 906 Nam
882 872 1050 918 ejusmodi
1080 875 1208 909 feratur

71 933 300 980 conjectorum
332 933 484 967 licentia:
517 933 585 980 jam
615 947 696 967 vero
729 935 810 980 quid
843 934 906 968 erit
937 945 1085 979 certum,
1124 937 1207 982 quid

71 1006 222 1030 constans
261 996 295 1029 in
333 995 466 1030 literis?
505 996 647 1041 Antiqui
682 1010 797 1031 rerum
829 998 1082 1031 confundemur
1113 999 1208 1041 fines,

71 1069 104 1092 et
127 1058 240 1092 omnia
262 1072 316 1091 sus
340 1059 450 1104 deque
473 1068 657 1092 vertentur.
697 1059 824 1093 Merito
841 1059 954 1105 itaque
976 1059 1060 1094 hanc
1076 1061 1208 1095 Erasmi

71 1134 243 1154 censuram
268 1122 421 1153 confutat
445 1120 682 1153 Genebrardus
705 1120 741 1153 in
761 1121 998 1162 collectaneis,
1023 1123 1208 1169 multisque

72 1197 108 1217 ac
139 1183 257 1216 solidis
289 1182 475 1215 rationibus
513 1183 570 1215 has
603 1182 771 1215 Homilias
802 1183 934 1216 auctori
967 1197 1028 1216 suo
1067 1185 1209 1227 origeni

72 1245 197 1278 asserit.
245 1248 357 1290 Atque
388 1258 426 1277 ex
460 1257 500 1278 eo
533 1258 670 1291 quoque
701 1245 872 1278 refellitur
903 1245 1095 1280 Gulielmus
1126 1247 1209 1281 Per-

71 1307 196 1340 kinsius
208 1308 242 1351 ²)
269 1307 411 1349 Anglus,
437 1307 495 1352 qui
527 1307 693 1340 Homilias
721 1308 802 1341 duas
833 1308 868 1340 in
891 1307 1065 1342 Psalmum
1088 1308 1143 1344 38.
1170 1322 1209 1343 ex

71 1369 292 1412 genuinorum
319 1369 475 1412 Origenis
501 1370 656 1414 Operum
684 1370 770 1402 serie
796 1370 965 1414 expungit.

163 1431 328 1465 Antonius
359 1432 542 1465 Verderius
584 1432 833 1477 Supplemento
867 1431 1046 1476 Epitomes
1077 1433 1210 1466 Biblio-

72 1496 189 1528 thecae
214 1493 438 1528 Gesnerianae
461 1494 733 1536 Bibliothecam,
766 1494 835 1528 sive
867 1495 1082 1542 antiquitates
1116 1496 1209 1530 Con-

71 1557 389 1603 stantinopolitanas
413 1557 593 1602 subjunxit,
618 1558 652 1591 in
674 1557 792 1602 quibus
810 1557 897 1590 inter
918 1558 1022 1591 libros
1046 1559 1211 1594 illustriss.

70 1620 230 1666 principis
261 1620 392 1653 domini
423 1620 543 1653 Jacobi
575 1621 803 1654 Marmoretae
835 1621 925 1653 hunc
958 1631 1128 1663 recenset,
1154 1622 1209 1655 cui

70 1683 188 1717 titulus
221 1692 287 1716 est:
322 1683 498 1725 »Origenis
529 1683 709 1727 explicatio
751 1683 785 1716 in
818 1683 1023 1716 Psalterium
1059 1684 1205 1717 David«

70 1746 160 1779 Tum
183 1745 376 1792 subjicitur:
404 1746 467 1779 »Et
492 1759 603 1778 rursus
629 1745 663 1778 in
687 1745 948 1790 explicationem
969 1746 1128 1789 Origenis
1152 1748 1208 1779 ha-

70 1811 128 1842 bet
151 1808 356 1842 solutionem
392 1808 622 1854 explicationis
653 1809 800 1841 Joannes
833 1810 1050 1854 RIabropoda
1075 1809 1208 1842 Metro-

71 1871 239 1916 politanus
269 1871 495 1905 sanctissimae
531 1871 804 1916 metropoliticae
838 1871 997 1905 ecclesiae
1028 1872 1206 1905 Euchaita-

72 1947 163 1966 rum:
189 1943 288 1979 atque
311 1935 382 1979 ipse
409 1934 592 1976 Origenes,
616 1933 666 1966 uti
690 1934 791 1967 habet
811 1948 905 1967 suam
931 1934 1203 1979 explicationem,

72 1996 158 2030 filius
189 2006 238 2030 est
270 1997 305 2031 S.
338 1996 518 2043 Hippolyti
550 1995 766 2041 philosophi,
803 2006 836 2029 et
869 1996 1064 2044 martyris.«
1114 1997 1207 2030 Haec

72 2059 145 2104 ipsa
168 2059 210 2092 ad
234 2060 359 2093 calcem
388 2061 575 2104 Apparatus
598 2059 649 2092 sui
673 2058 796 2105 adjecit
808 2059 1023 2100 Possevinus,
1049 2073 1125 2093 cum
1150 2072 1206 2092 va-

170 2199 201 2244 Ι)
226 2198 296 2233 cfr.
319 2199 421 2233 nem.
446 2199 592 2240 xxxiv.
617 2199 671 2235 21.

166 2256 201 2299 ²)
228 2255 296 2288 Csr.
321 2255 469 2290 Perkins.
500 2257 534 2289 in
564 2256 737 2291 Problem.
771 2257 812 2290 de
846 2256 1006 2290 ementito
1032 2255 1205 2291 Romanae

73 2301 155 2337 fidei
180 2300 433 2336 Catholicismo.
