1413 2482
177 90 222 125 15ss
507 87 622 121 Pmm
647 87 823 121 Dmnms
848 87 980 121 Hunni

180 193 266 226 quae
292 193 370 219 cum
393 179 534 222 insignia
557 179 623 219 sint
641 177 750 223 capita
765 177 987 220 Origenianae
1013 178 1199 218 ‹locu-inae,
1223 178 1320 212 valde

180 243 215 277 in
239 242 291 278 his
317 242 403 276 locis
428 253 564 275 exosam
587 250 666 274 tunc
700 240 802 278 fuisse
837 239 1085 279 concludimus.
1133 242 1175 275 At
1200 240 1323 275 Hiero-

181 318 301 352 nymus
334 302 568 350 Chrysostomi
605 302 840 347 expulsionem
874 312 907 335 et
938 302 1093 339 exsilium
1123 302 1322 348 Theophila

182 381 245 413 per
269 365 451 411 epistolam
471 365 655 406 gratulatus
680 373 746 396 est:
774 363 893 397 „Unde
919 374 952 398 et
975 377 1048 405 nos,
1071 365 1191 415 inquit,
1207 366 1239 410 ¹)
1262 365 1324 398 Jo-

184 442 324 468 annem‚
347 428 406 473 qui
432 428 562 461 dudum
588 425 1002 471 Constantinopolitana‘m
1027 426 1112 461 rexit
1136 426 1324 466 ecclesiam,

184 492 263 527 Deo
298 490 435 535 placere
475 502 610 533 semper
641 488 853 533 optavimus,
893 498 925 521 et
965 502 1094 525 caussas
1123 488 1325 534 perditionis

186 552 268 598 ejus,
293 552 328 585 in
353 565 434 597 quas
458 552 631 586 ferebatur
666 550 900 595 improvidus,
941 564 1155 596 nequaquam
1187 552 1325 585 credere

185 614 370 648 voluimus.
419 614 488 648 Sed
513 614 591 654 ille,
624 622 660 645 ut
695 622 806 647 cetera
828 613 953 656 flagitia
977 612 1048 659 ejus
1075 623 1224 653 taceam,
1247 612 1326 648 Ori-

188 678 331 721 genistas
364 677 398 709 in
430 688 524 710 suam
556 675 723 720 recipiens
748 674 1030 715 familiaritatem,
1054 685 1087 708 et
1112 688 1150 710 ex
1174 675 1225 709 his
1249 675 1326 721 plu-

188 740 293 775 rimos
327 739 361 773 in
393 738 622 772 sacerdotium
654 727 864 782 provehens,
902 746 1003 782 atque
1036 738 1082 770 ob
1113 737 1179 772 hoc
1216 738 1326 771 scelus

186 802 308 836 beatae
337 800 524 834 memoriae
554 799 728 832 hominem
761 799 829 833 Dei
861 798 1111 844 Epiphanium,
1151 800 1210 845 qui
1239 800 1328 834 inter

189 864 371 908 episcopos
397 864 524 895 clarum
548 862 582 895 in
609 863 692 894 orbe
716 862 807 895 sidus
833 861 981 902 effulsit,
1010 874 1079 895 non
1104 875 1210 908 parvo
1232 874 1328 896 moe-

189 938 268 959 rore
294 925 494 958 contristans
519 923 644 957 meruit
668 924 807 957 audire:
842 923 1032 967 Cecidit‚²)
1064 923 1188 957 cecidit
1218 924 1328 969 Baby·-

190 988 280 1021 lon.«
329 986 474 1020 Minime
499 987 611 1031 itaque
636 986 885 1019 assentiendum
918 985 1082 1026 Baronio,
1099 987 1132 1029 ³)
1164 986 1222 1030 qui
1248 998 1328 1019 con-

191 1050 307 1084 citatas
331 1063 349 1082 a
373 1048 569 1093 Theophilo
595 1049 755 1081 adversus
773 1047 1053 1094 Chrysostomum
1079 1049 1192 1082 turbas
1216 1061 1329 1091 aeger·

190 1111 276 1151 rime
300 1111 417 1143 tulisse
442 1110 691 1156 Hieronymum
717 1109 894 1155 conjectat.

281 1173 394 1206 XXII.
443 1172 692 1205 Observatione
717 1184 797 1207 vero
823 1172 960 1214 dignum
986 1181 1053 1211 est,
1079 1172 1172 1216 quod
1196 1180 1330 1206 narrant

189 1236 360 1275 Socrates,
385 1233 552 1275 Georgius
578 1234 834 1274 Alexandrinus,
859 1244 891 1266 et
912 1235 1052 1268 Simeon
1078 1234 1330 1279 metaphrastes,

190 1298 227 1331 in
251 1295 484 1342 Theophilum
509 1296 601 1338 vulgi
629 1296 748 1330 odium
774 1296 935 1335 crevisse,
970 1295 1099 1329 idcirco
1133 1296 1227 1341 quod
1249 1306 1328 1341 post

191 1360 368 1392 damnatos
391 1366 484 1390 tanto
510 1367 632 1392 conatu
657 1357 815 1400 Origenis
840 1357 958 1397 libros,
983 1370 1103 1391 eorum
1130 1357 1232 1391 etiam
1255 1368 1328 1391 tum

192 1419 334 1453 lectioni
359 1418 494 1452 deditus
525 1431 597 1451 esse
631 1419 860 1464 deprehensus
892 1419 953 1461 εἰη
988 1419 1082 1465 cujus
1104 1419 1156 1453 rei
1179 1432 1327 1453 caussam

194 1495 271 1521 cum
296 1482 337 1514 ab
363 1493 403 1514 eo
429 1490 687 1525 percontaretur
710 1482 889 1527 quispiam,
913 1480 1127 1526 respondisse
1150 1491 1249 1526 prato
1266 1482 1328 1515 sso-

192 1545 283 1577 ribus
308 1542 439 1575 consito
473 1542 599 1575 similes
634 1557 703 1577 esse
734 1544 839 1577 libros
871 1543 1045 1586 Origenis,
1077 1535 1263 1589 decerpere
1293 1557 1329 1577 se

193 1619 279 1652 quae
310 1604 452 1650 pulchra
483 1614 578 1647 sunt3
617 1619 701 1650 quae
739 1608 894 1651 spinosa,
925 1605 1127 1650 praeterire:
1160 1616 1260 1651 atque
1292 1607 1327 1639 id

194 1668 351 1701 omnihus
386 1667 569 1700 offensioni
600 1667 713 1701 fuisse.
761 1669 816 1701 De
849 1682 886 1702 ea
917 1682 954 1702 re
977 1668 1024 1702 ita
1047 1669 1222 1714 Rupertus
1245 1669 1328 1703 Tui-

194 1731 310 1765 tiensis
340 1730 415 1762 libr.
441 1731 466 1763 l.
502 1730 694 1764 Commeat.
726 1730 761 1764 in
790 1731 894 1764 Deut.
927 1743 1000 1775 cap.
1025 1730 1056 1765 9.
1107 1731 1228 1764 »Juxta
1253 1731 1329 1764 lite-

192 1806 264 1827 ram
290 1792 466 1825 manifesta
498 1801 548 1824 est
577 1793 744 1837 aequitas,
776 1792 866 1840 juxta
895 1805 1065 1835 anagogen
1097 1805 1178 1825 vero
1210 1791 1330 1837 judicii

192 1856 360 1895 lectorum
385 1854 557 1888 inhibetur
580 1855 798 1896 mutabilitas,
822 1855 923 1889 videl.
949 1867 1049 1900 quam
1072 1854 1107 1887 in
1132 1854 1328 1899 Theophila

195 1917 440 1955 Alexandrinae
471 1916 615 1950 civitatis
647 1918 812 1963 episcopo
850 1916 1077 1951 ecclesiastica
1105 1916 1328 1961 reprehendit

192 1979 326 2015 relatio.
375 1978 444 2022 Qui
471 1991 548 2012 cum
571 1980 713 2013 ,Ioannis
739 1978 1120 2023 constantinopolitani,
1147 1978 1204 2023 qui
1220 1978 1327 2025 Chry-

192 2052 362 2079 sostomus
386 2040 595 2085 appellatur,
629 2052 713 2076 esset
744 2042 918 2081 inimicus,
951 2041 1133 2074 lectionem
1158 2040 1327 2085 Origenis‚

289 2170 319 2215 ¹)
345 2169 414 2203 Csr.
440 2169 579 2201 Hieron.
606 2171 702 2213 epist.
728 2169 784 2204 88.

283 2227 317 2271 ²)
343 2226 442 2259 Jesai.
468 2225 562 2265 XXI,
586 2225 617 2260 9.

281 2284 314 2325 ³)
341 2282 410 2315 Csr.
434 2281 557 2314 Baron.
583 2294 657 2313 ann.
683 2281 758 2314 404.
785 2293 855 2324 cap.
884 2281 955 2316 135.
