1413 2482
198 77 264 112 336
535 78 570 111 S.
594 78 774 111 PAmvnm
799 79 987 113 MAners

288 167 566 201 PAMPHILUS.
633 167 736 211 Quod
777 169 892 201 eadem
933 169 975 202 sit
1021 169 1323 203 inconvertibilitas

199 231 343 275 Spiritus
375 229 498 268 sancti,
531 242 613 274 quae
649 230 753 262 Patris
787 240 818 263 et
849 231 941 264 Filii.
989 231 1041 263 De
1075 231 1161 264 libro
1187 233 1212 265 l.
1243 236 1323 276 περὶ

196 292 332 337 ἀρχῶν.

287 353 532 388 ORIGENES.
590 354 756 399 ›1Nulla¹)
789 367 867 398 ergo
899 364 1015 387 natura
1046 364 1110 394 cst,
1143 356 1325 388 secundum

197 416 288 461 quod
321 428 383 448 nos
419 415 597 455 sentimus,
639 428 722 460 quae
754 429 822 448 non
854 415 959 460 possit
997 416 1147 461 recipere
1189 416 1326 450 malum.

195 478 263 512 Sed
277 478 310 521 ²)
335 489 403 509 non
428 477 607 516 contiuuo,
640 477 716 522 quia
741 477 882 510 dicimus
914 478 1041 510 nullam
1073 491 1142 511 esse
1166 487 1327 517 naturam,

197 552 281 585 quae
304 552 372 571 non
397 538 504 583 possit
529 538 679 583 recipere
704 539 848 579 malum,
883 539 1010 572 idcirco
1024 540 1058 584 3)
1090 539 1326 572 confirmamus

197 614 332 634 omnem
362 609 513 633 naturam
544 600 708 645 recepisse
740 601 884 642 malum,
924 601 958 633 id
983 610 1049 640 est,
1085 602 1207 634 malam
1243 603 1325 634 effe-

197 673 302 696 ctam:
326 663 383 695 sed
399 662 430 707 ²)
455 662 542 694 sicut
566 672 615 694 est
640 662 770 704 dicere,
805 663 927 708 quia³)
957 663 1066 695 omnis
1100 662 1247 696 hominis
1270 676 1326 696 na-

195 735 268 758 tura
292 723 413 768 recipit
438 733 473 755 ut
498 723 605 767 possit
635 723 806 766 navigare,
839 738 908 757 non
940 735 1049 758 tamen
1082 738 1120 758 ex
1150 738 1191 758 eo
1225 725 1324 758 etiam

195 786 303 820 omnis
327 786 430 817 homo
455 785 685 830 unx-igabit36)
717 779 904 818 etiterum
936 786 1028 818 omni
1058 786 1188 819 homini
1217 786 1325 832 possi-

194 849 262 882 bile
287 857 334 881 est
360 848 487 880 discere
512 856 617 879 artem
641 848 906 889 grammaticam,
939 849 990 881 vel
1015 847 1230 891 medicinam,
1255 861 1322 880 non

193 920 305 943 tamen
328 909 456 942 idcirco
489 909 676 943 ostenditur
711 910 819 942 omnis
852 910 954 942 homo
991 910 1044 942 vel
1068 910 1218 943 medicus
1244 923 1324 949 esse,

195 973 247 1005 vel
286 970 537 1014 grammaticus:
578 970 622 1003 ita
652 971 680 1003 si
710 972 854 1004 dicimus
891 972 1018 1004 nullam
1056 984 1125 1004 esse
1161 981 1324 1011 naturam,

195 1046 280 1078 quae
310 1045 378 1065 non
410 1031 515 1076 possit
547 1031 698 1077 recipere
731 1034 874 1073 malum,
910 1046 980 1066 non
1019 1042 1130 1065 tamen
1162 1033 1321 1067 continuo

195 1095 296 1128 etiam
325 1094 491 1138 recepisse
523 1094 649 1127 malum
674 1094 874 1137 designatur.
920 1094 1010 1140 ΕΝ)
1034 1108 1183 1128 tursum:
1222 1095 1322 1128 Nulla

194 1213 237 1245 sit
264 1212 492 1246 Commentar.
522 1211 556 1244 in
585 1225 638 1257 ep.
669 1213 711 1245 ad
743 1213 875 1252 Titum,
906 1212 1040 1245 interim
1072 1214 1184 1246 forsan
1207 1213 1321 1247 audire

194 1258 309 1303 potuit
333 1256 508 1298 Origenes,
531 1257 645 1302 plures
669 1257 814 1302 Spiritus
838 1267 968 1291 sanctos
991 1272 1008 1291 a
1023 1259 1221 1304 quibusdam
1245 1260 1322 1292 hae-

195 1303 307 1336 reticis
329 1302 528 1347 praedicari.
573 1303 616 1335 Et
648 1313 736 1336 certe
762 1303 913 1336 Canones
939 1304 1114 1348 Apostoli,
1139 1305 1196 1349 qui
1219 1305 1319 1337 tertio

195 1349 327 1381 circiter
350 1348 503 1385 saeculo,
539 1361 576 1380 ac
608 1349 751 1392 proinde
784 1349 871 1381 circa
895 1349 964 1393 ipsa
989 1349 1142 1391 Origenis
1167 1359 1320 1395 tempora

195 1394 342 1427 confecti
367 1393 530 1432 videntur,
556 1394 712 1426 damnant
737 1394 873 1427 canone
898 1395 950 1428 41.
977 1407 1071 1434 eum,
1093 1395 1149 1440 qui
1173 1396 1321 1440 baptiza-

194 1440 280 1472 verit
303 1440 337 1472 in
363 1448 429 1470 tres
453 1438 571 1478 Filios,
595 1448 651 1475 aut
676 1440 708 1471 in
732 1449 798 1472 tres
822 1440 967 1484 Spiritus
990 1449 1130 1472 sanctos.
1157 1442 1196 1475 R.

287 1498 322 1538 ¹)
347 1496 534 1540 Depromta
554 1504 628 1526 sunt
654 1495 734 1527 hacc
758 1496 857 1527 verba
882 1510 919 1528 ex
951 1496 1009 1528 lib.
1036 1496 1061 1528 l.
1092 1501 1173 1541 περὶ
1197 1496 1320 1541 ἀργῶν

193 1555 263 1586 cap.
289 1542 380 1574 Vlll.
406 1554 497 1573 uum.
523 1540 578 1575 lll.
605 1541 672 1574 Csr.
700 1542 750 1573 ed.
787 1542 911 1586 liedep.
943 1554 1014 1585 pag.
1042 1541 1114 1576 156.
1147 1555 1234 1587 seq.,
1254 1536 1316 1575 'ubi

192 1588 273 1620 haec
298 1588 467 1628 leguntur:
495 1586 707 1619 »Secundum
731 1587 792 1618 nos
817 1600 895 1619 vero
923 1587 1007 1619 nihil
1032 1596 1080 1619 est
1101 1587 1134 1619 in
1152 1590 1244 1620 omni
1269 1601 1319 1620 ra·

191 1632 347 1665 tionabili
371 1641 497 1670 natura,
521 1631 612 1675 quo‘d
636 1644 704 1664 non
728 1641 796 1664 tam
820 1633 901 1665 boui
927 1645 1025 1677 quam
1050 1632 1129 1664 mali
1145 1632 1187 1665 sit
1205 1646 1315 1677 capax.

191 1678 260 1711 sed
285 1691 352 1710 non
377 1676 557 1709 continuo«
586 1686 648 1710 etc.

282 1733 316 1772 ²)
342 1732 583 1765 Des-{derantur
613 1733 645 1764 in
678 1732 770 1764 libris
801 1742 866 1764 tam
902 1732 999 1765 editis
1024 1734 1070 1777 (v.
1096 1746 1121 1766 c.
1148 1734 1223 1767 edd.
1251 1735 1315 1777 M.)

192 1791 291 1824 quam
317 1779 395 1810 Mss.
420 1777 516 1823 hujus
541 1778 740 1822 Apologiae,
764 1779 822 1809 sed
846 1777 1066 1810 restituuntur
1096 1791 1134 1810 ex
1159 1780 1314 1813 omnihus

192 1823 300 1857 codd.
327 1822 442 1855 libror.
468 1828 549 1867 περὶ
574 1824 707 1866 ἀρχῶν,
734 1832 766 1855 et
790 1822 992 1854 restituenda
1018 1823 1173 1856 videntur
1197 1827 1313 1858 verba:

192 1869 278 1902 »Sed
302 1881 369 1900 non
395 1868 566 1909 continuo,
591 1868 666 1912 quia
683 1890 726 1897 -
750 1877 910 1907 naturam,
936 1880 1018 1912 quae
1042 1881 1109 1901 non
1134 1871 1240 1914 possit
1264 1885 1315 1903 re-

190 1915 301 1959 cipere
326 1913 482 1945 malum.‘‹
509 1913 546 1945 R.

280 1971 314 2015 ³)
339 1969 423 2002 Edd.
449 1969 497 2001 M.
523 1970 650 2001 idcirco
675 1981 741 2002 mm
765 1971 1001 2011 confirmamus
1033 1979 1094 2003 etc.
1144 1971 1213 2004 Csr.
1238 1985 1310 2016 pag.

189 2016 255 2063 huj.
280 2024 351 2049 not.
375 2015 406 2049 2.

280 2073 314 2116 ⁴)
338 2072 442 2104 Deest
466 2072 523 2103 sed
547 2069 578 2102 in
606 2069 656 2102 cd.
684 2070 809 2114 Redcp.

282 2130 314 2172 ⁵)
340 2128 403 2161 Ed.
427 2127 555 2172 liedep.
581 2128 675 2171 quod.
772 2127 805 2169 ⁶)
831 2126 916 2159 Edd.
942 2127 990 2159 M.
1015 2129 1200 2172 nuviyavit.

284 2185 316 2228 ⁷)
341 2185 468 2215 Verba:
497 2183 557 2215 ”Et
582 2195 731 2214 rursum:
757 2183 856 2214 Nulla
882 2203 922 2207 —
947 2183 1092 2216 bonum:
1116 2197 1177 2216 nec
1202 2193 1310 2217 tamen

189 2251 229 2256 —
253 2229 418 2273 recepisse
451 2229 543 2273 quod
574 2230 700 2260 bonum
732 2237 823 2266 cst,«
857 2241 924 2260 non
956 2238 1151 2273 comp-'irent
1174 2229 1207 2262 in
1233 2231 1310 2262 loco

190 2277 290 2309 citato
324 2276 381 2308 lib.
408 2275 430 2306 l.
462 2275 502 2306 de
536 2273 730 2317 Principiis,
761 2274 818 2305 ubi
850 2287 911 2317 pro
945 2273 1010 2305 illis
1043 2275 1148 2307 verbis
1174 2274 1308 2316 legitur:
