1422 2472
405 52 722 86 Ouramma-onum
750 51 861 84 Lmen
877 52 937 85 ΙΙΙ.
1139 53 1205 87 215

75 140 235 174 stolarum
268 140 482 186 Syntagmate
512 141 590 173 istas
622 142 663 173 ab
693 140 841 173 Eusebio
859 142 888 184 ¹)
921 149 1199 173 commemoratas

72 201 222 246 reperio:
261 202 370 246 prima
406 212 454 235 est
487 203 530 235 ad
567 202 751 235 Leonidem
792 201 950 248 martyrio
990 201 1198 245 proximum:

70 262 208 295 alteram
224 263 357 308 scripsit
373 264 535 306 Origenes
552 265 708 297 adversus
732 277 801 303 eos,
825 263 882 308 qui
906 276 1002 296 suum
1028 262 1060 295 in
1087 262 1197 296 literas

69 323 281 358 humaniores
312 326 460 358 studium
493 325 769 358 criminabantur:
808 325 961 369 proxima
992 324 1197 356 diversarum

69 385 289 429 epistolarum
315 388 594 419 commemoratio
621 396 688 427 est,
721 387 753 418 in
787 387 906 431 quibus
931 386 1098 418 indicatur
1121 398 1196 430 per-

67 447 248 480 secutionis
272 457 381 480 sextae
413 457 562 493 tempus,
595 462 736 494 quarum
769 457 880 480 tamen
905 447 1139 492 inscriptiones
1165 457 1197 480 et

68 507 183 540 titulos
206 508 376 550 sigillatim
389 509 555 542 Eusebius
578 523 646 542 non
665 509 894 554 persequitur:
921 519 991 542 turn
1006 510 1040 553 ²)
1067 509 1194 541 mentio

68 568 105 600 fit
131 569 293 613 epistolae
317 571 359 602 ad
377 571 574 603 Africanum
599 572 639 604 de
664 572 833 604 susannae
858 571 1014 602 historia:
1040 571 1195 603 laudatur

67 629 207 670 deinde,
243 644 314 676 cap.
347 632 421 671 36„
458 632 600 677 epistola
634 633 675 665 ad
708 632 907 676 Philippum
942 632 1193 676 imperatorem,

64 691 129 724 alia
151 692 194 724 ad
219 692 395 738 conjugem
419 693 523 738 ipsius
550 695 727 733 Severum,
758 694 822 725 alia
853 695 895 726 ad
918 693 1108 725 Fabianum
1131 693 1194 725 Pa-

63 765 159 796 pam,
196 754 280 787 aliae
310 756 352 794 ad
386 755 470 788 alios
502 756 694 800 complures
727 755 923 800 episcopos,
960 755 1080 800 quibus
1112 755 1191 787 fidei

61 815 229 858 prolessio
255 817 508 859 continebatur3
538 827 571 849 et
594 817 744 850 diversae
769 817 915 861 denique
941 817 1096 849 distincte
1121 830 1190 848 non

63 885 215 910 notatae:
245 880 484 922 postmodum,
511 892 582 923 cap.
608 878 682 919 39.‚
706 878 871 923 plurimae
898 878 1042 910 citantur
1066 878 1192 922 episto-

64 937 124 978 lae,
149 951 231 983 quae
256 941 480 981 declarabant,
506 955 604 985 quam
629 940 728 973 utiles
746 941 784 973 iis
802 953 973 974 sermones
989 940 1189 984 reliquisset,

63 999 120 1043 qui
153 1001 276 1034 solatio
315 1002 348 1034 in
385 1003 586 1035 cruciatibus
625 1003 827 1044 indigebant.
887 1003 978 1035 Haec
1013 1002 1188 1035 Eusebius.

62 1061 219 1094 Testatur
242 1062 467 1109 Hieronymus
500 1064 574 1097 libr.
600 1066 639 1096 de
673 1065 787 1108 script.
815 1064 994 1097 ecclesiast.
1029 1078 1098 1108 cap.
1124 1065 1189 1103 65„

61 1135 119 1155 sua
149 1133 255 1156 aetate
287 1125 489 1168 superfuisse
523 1126 678 1166 Origeuis
714 1126 871 1169 epistolas
906 1127 947 1157 ad
977 1125 1188 1168 Philippum,

61 1184 232 1229 ipsiusque
267 1195 426 1227 matrem3
465 1199 540 1218 cum
571 1187 755 1226 Eusebius,
791 1201 807 1218 e
842 1200 908 1231 quo
941 1186 1029 1217 huuc
1065 1186 1189 1219 librum

61 1245 287 1292 Hieronymus
311 1247 568 1287 consarcinavit,
598 1248 734 1280 habeat:
773 1247 836 1291 τὴν
861 1246 988 1281 τούτου
1013 1247 1188 1293 γαμετήν,

60 1309 251 1352 conjugem
284 1311 405 1354 ipsius.
460 1310 554 1341 Idem
591 1310 707 1342 scribit
743 1310 784 1342 de
820 1309 925 1342 literis
957 1309 1110 1351 Origenis
1147 1311 1188 1342 ad

57 1369 231 1415 Beryllum
266 1371 482 1403 Bostrensem
531 1371 727 1415 episcopum
769 1371 1011 1417 HieronymuS,
1058 1371 1185 1403 ibidem

59 1444 130 1476 cap.
157 1432 209 1468 71.
266 1432 406 1466 Rufinus
445 1446 580 1477 quoque
620 1433 653 1464 in
689 1433 809 1465 libello
846 1435 887 1466 de
925 1433 1077 1466 Adulter.
1109 1433 1184 1467 libr.

58 1493 206 1536 Origen,
231 1494 430 1527 testimoniis
453 1494 560 1526 utitur
585 1507 622 1526 ex
648 1494 790 1538 epistola
815 1496 855 1527 ab
874 1495 1019 1536 Origene
1045 1496 1086 1527 ad
1105 1496 1186 1528 ami-

58 1567 114 1588 cos
138 1557 301 1600 quosdam
325 1570 403 1589 suos
421 1556 662 1588 Alexandrinos
686 1557 823 1600 scripta:
851 1566 883 1589 et
907 1559 1046 1589 alteram
1071 1558 1185 1591 laudat

56 1627 229 1661 praeterea
253 1617 402 1662 ejusdem
427 1618 624 1660 argumenti.
671 1618 825 1663 Epistola
851 1618 999 1663 ejusdem
1033 1621 1076 1652 ad
1100 1620 1184 1653 Gre-

55 1680 186 1721 gorium
217 1680 504 1722 Thaumaturgum
539 1681 708 1712 decimum
723 1680 756 1723 ³)
802 1679 940 1712 tertium
977 1681 1182 1714 Philoc‘aliae

59 1751 158 1786 caput
193 1742 393 1775 continetur.
451 1743 587 1775 Partem
627 1742 771 1786 denique
809 1741 972 1785 epistolae
1009 1743 1182 1789 cujusdam

57 1803 247 1836 Adam-antii
268 1806 447 1849 proferunt
472 1805 659 1844 Cedrenus,
686 1813 718 1836 et
743 1804 872 1838 Suidas.

147 1865 221 1899 Vll.
256 1867 405 1900 Aliarum
429 1877 600 1912 praeterea
626 1867 834 1911 quarundam
859 1866 1080 1911 scriptionum
1107 1868 1183 1901 Ori—

155 2006 185 2050 ¹)
211 2007 279 2040 Cfr.
301 2007 423 2039 Euseb.
448 2007 505 2039 lib.
520 2009 577 2041 Vl.
604 2006 688 2040 Hist.
716 2019 812 2050 capp.
837 2006 867 2038 2.
894 2006 944 2039 19.
972 2015 1003 2037 et
1028 2007 1081 2040 28.

149 2062 184 2104 ²)
209 2062 276 2096 Cfr.
301 2063 423 2096 Euseb.
448 2064 576 2098 lib.Vl.
601 2064 687 2096 Hist.
713 2076 784 2107 cap.
811 2062 867 2097 31·

61 2154 66 2157 Α
149 2118 183 2160 ⁸)
209 2117 293 2151 Edd.
319 2120 361 2152 H.
387 2129 419 2152 et
444 2120 496 2159 R„
520 2129 557 2152 ut
581 2133 652 2160 nos,
676 2120 709 2152 in
733 2129 842 2161 textu,
868 2119 919 2151 ed.
947 2128 1056 2151 tamen
1082 2120 1120 2152 R.
1146 2120 1179 2152 in

59 2171 290 2214 Corrigendis:
319 2174 440 2217 »Legez
467 2177 598 2209 decimo
617 2177 718 2210 tenio
737 2176 943 2210 Pliilocaliae
970 2178 1076 2221 capite
1103 2190 1180 2209 cou-

59 2237 209 2261 tinctum«
