1413 2482
195 94 260 129 194
530 91 640 124 Pam:
673 91 845 124 Daumms
868 91 1001 126 Huurn

197 184 304 216 tiones
329 181 491 215 habuisse.
540 179 747 224 Tetrapla’)
779 189 891 213 autem
923 180 1090 226 privatum
1114 181 1179 215 suit
1208 195 1246 215 ac
1277 194 1328 215 se-

195 255 346 290 paratum
385 256 470 287 opus
500 243 542 274 ab
574 241 721 284 Origene
753 252 832 287 post
865 243 1018 287 Hexapla
1050 253 1259 284 accuratum,
1294 244 1326 276 in

195 307 427 340 studiosorum
451 303 610 346 gratiam,
638 303 760 348 quibus
785 313 914 337 tantum
940 305 996 337 abs
1028 316 1066 337 re
1089 318 1147 338 sua
1171 306 1223 339 vel
1256 306 1328 345 otii,

194 370 247 400 vel
282 366 448 400 facultatis
485 378 553 398 non
585 374 672 406 erat,
708 375 746 398 ut
770 365 918 410 Hexapla
952 378 1148 410 comparare
1181 378 1328 413 possent.

195 432 265 463 Nec
301 440 507 473 quemquam
549 436 702 468 moveat,
742 428 835 472 quod
873 427 992 460 scribit
1023 429 1250 475 Hieronymus
1286 431 1328 463 de

193 491 307 536 script.
333 490 516 524 ecclesiast.
548 490 582 522 in
608 489 746 532 Origen.
785 490 966 534 »Exceptis
990 490 1200 535 septuaginta
1227 490 1330 524 inter-

194 554 363 598 pretibus,
405 551 485 584 alias
524 564 662 597 quoque
695 551 861 584 editiones
899 552 933 585 in
970 565 1075 586 unum
1117 565 1330 595 congregasse

193 617 399 657 volumem«
435 614 528 660 quod
553 623 587 647 et
618 626 655 647 ex
681 613 894 660 Hieronymo
925 614 1166 648 transtulerunt
1188 614 1331 648 Frecul-

193 678 280 723 plius
315 669 532 710 Lexoviensis
564 676 689 711 Chron.
721 676 823 711 Tom.
849 677 889 710 ll.
930 676 1008 710 libr.
1032 677 1096 711 111.
1130 689 1204 722 cap.
1226 676 1259 711 2.
1296 685 1331 709 et

194 740 370 773 Honorius
394 737 708 781 Augustodunensis
733 726 775 770 de
805 738 921 783 script.
946 738 1128 772 ecclesiast.
1177 739 1217 771 Id
1241 738 1330 771 enim

193 802 255 835 sihi
281 802 411 840 volunt,
435 810 569 845 praeter
592 801 700 833 LXX.
718 799 928 845 interpretes,
952 801 1102 845 reliquos
1128 800 1229 834 etiam
1253 799 1331 834 Ori-

192 876 311 906 genem
335 863 368 895 in
393 875 499 895 unum
523 863 685 895 volumen
710 849 942 905 congregasse.-

283 926 341 960 Vl.
377 924 428 956 Ex
452 924 502 956 his
532 924 633 957 facile
665 924 885 966 intelligitur,
918 934 1080 970 quantum
1109 923 1198 956 ratio
1222 922 1330 957 Scali-

193 1000 310 1030 gerum
336 986 468 1028 sugerit,
495 986 553 1031 qui
577 985 612 1018 in
638 985 865 1018 delineatione
881 985 1127 1029 Hexaplorum‚
1152 998 1212 1018 seu
1229 985 1332 1019 Octa-

193 1050 351 1094 plorum‚
382 1060 482 1092 quam
507 1047 541 1079 in
565 1059 673 1079 sacras
697 1059 771 1079 suas
795 1047 1060 1080 Exercitationes
1085 1047 1203 1080 retulit
1226 1047 1330 1080 Hein-

193 1111 272 1150 sius,
297 1120 478 1154 utrumque
493 1108 698 1141 Hebraicum
723 1117 918 1140 contextum
942 1118 1020 1153 post
1038 1109 1332 1153 interpretationes

194 1173 340 1206 Graecas
365 1185 421 1205 sex
445 1158 608 1203 inrfinem
635 1169 790 1216 conjecit.
839 1171 878 1204 Si
902 1171 1009 1204 modo
1036 1183 1151 1204 revera
1169 1170 1331 1213 Scaligeri

193 1235 260 1268 fuit
283 1235 364 1267 haec
389 1232 591 1273 delineatio,
625 1233 719 1277 quod
752 1233 893 1265 dubium
924 1232 1008 1265 mihi
1034 1233 1160 1266 faciunt
1183 1233 1333 1276 Scalige-

193 1297 284 1330 riana
308 1309 418 1341 nuper
450 1295 556 1335 edita,
590 1294 624 1327 in
649 1293 771 1339 quibus
796 1294 1021 1340 Octaplorum
1053 1295 1229 1329 columnas
1253 1308 1333 1328 enu-

193 1372 336 1397 merans,
359 1357 531 1402 prioribus
548 1357 633 1389 locis
651 1355 833 1389 Hebraicas
858 1357 939 1390 duas
962 1366 1123 1390 recenset.
1161 1358 1233 1390 Nec
1256 1357 1332 1390 feli-

194 1421 267 1455 cior
291 1419 468 1460 Heinsius,
494 1431 570 1451 cum
597 1418 770 1451 columnas
794 1418 923 1452 ibidem
946 1419 1181 1464 Hexaplorum
1206 1419 1332 1452 descri-

193 1485 293 1523 bens,
317 1482 451 1514 tertiam
475 1480 630 1513 attribuit
653 1479 862 1525 septuaginta
886 1480 1146 1524 interpretibus,
1178 1491 1331 1526 quartam

194 1545 359 1589 Aquilae,
399 1542 550 1587 quintam
586 1541 840 1582 Theodotioni,
879 1551 912 1574 et
953 1551 1080 1575 sextam
1116 1543 1331 1589 Symmacho.

193 1608 313 1650 Neque
345 1605 385 1638 iis
411 1603 605 1637 excusandis
636 1603 765 1636 sufficit
786 1603 926 1637 Nicetae
938 1604 974 1648 2)
997 1604 1192 1638 Acominati
1215 1615 1332 1639 aucto-

195 1668 285 1706 ritas,
311 1667 369 1711 qui
393 1667 427 1699 in
451 1664 556 1698 simili
579 1674 726 1698 versatus
751 1674 802 1698 est
825 1678 951 1705 errore,
976 1666 1142 1699 columnis
1156 1667 1332 1701 Hebraicis

193 1729 364 1773 subjectos
403 1727 504 1760 fuisse
540 1726 625 1766 τοὺς
656 1726 927 1772 ἑβδομήκοντα,
965 1727 1016 1760 his
1045 1728 1222 1773 Aquilam,
1257 1739 1331 1763 tum

193 1790 454 1837 Symmachum,
489 1788 568 1821 inde
601 1789 897 1829 Theodotionem,
938 1798 972 1821 et
1003 1789 1154 1834 quintam
1193 1791 1331 1824 demum

193 1850 508 1895 interpretationem
539 1863 739 1883 asseverans.
785 1850 908 1883 Peccat
939 1863 1075 1896 quoque
1106 1852 1331 1897 Bamnius,³)

193 1912 292 1945 aliter
315 1913 348 1944 in
374 1911 543 1956 Tetraplis
567 1911 746 1956 dispositas
771 1911 938 1945 editiones
963 1912 1106 1945 Graecas
1132 1926 1269 1947 censens
1292 1927 1330 1947 ac

194 1974 228 2007 in
252 1973 430 2018 Hexaplis‚
456 1982 489 2005 et
513 1972 664 2016 priorem
689 1973 722 2005 in
747 1972 814 2005 illis
840 1973 955 2006 locum
981 1979 1053 2013 τοῖς
1077 1975 1329 2021 ἑβδομήκοντα

291 2114 322 2156 ¹)
348 2111 434 2144 Vide
459 2111 560 2155 paulo
578 2111 665 2144 infra
684 2125 754 2156 cap.
777 2114 831 2146 lV.
850 2127 940 2146 num.
958 2115 1018 2155 ll„
1043 2116 1100 2147 ubi
1117 2115 1197 2148 haec
1212 2107 1327 2149 Huetii

195 2168 358 2202 sententia
384 2167 562 2200 refellitur.
612 2168 650 2201 R.

288 2226 320 2265 2)
348 2224 417 2256 Cl'r.
430 2223 708 2258 Nicet.Thesaur.
725 2226 859 2258 orthod.
876 2226 953 2258 fidei
970 2227 1046 2260 libr.
1059 2227 1114 2261 lv.
1128 2226 1325 2262 Haeres.31.

289 2281 319 2323 3)
348 2281 416 2313 Cir.
442 2279 563 2312 Baron.
593 2281 710 2313 Annal.
735 2293 810 2314 aun.
837 2281 914 2316 231.
941 2295 1012 2327 cap.
1029 2283 1060 2318 9.
