1422 2472
377 78 692 112 Omemmxonum
719 78 832 110 Lmen
860 78 900 111 Η.
1155 80 1199 112 95

247 168 317 211 Qui
343 169 490 212 primum
517 168 596 201 fidei
619 178 800 211 grammata
820 165 849 212 ι)
876 168 963 200 clara
988 168 1085 200 dedi:

204 229 324 262 Celsus
350 243 438 263 eram
464 230 602 270 meritis,
628 240 660 264 et
686 231 794 263 clarus
819 243 958 262 munere
985 229 1096 270 fandi;

249 292 451 337 praereptus
475 292 588 325 subito
614 305 697 325 voce
722 301 868 324 nocente
892 292 954 324 rui.

205 353 372 393 Condere,
395 355 422 386 si
447 354 565 394 credis,
591 354 702 386 studui
727 363 778 386 tot
803 353 910 386 millia
934 353 1050 392 libros,

249 415 345 459 Quot
369 415 457 457 legio
482 415 600 448 missos
625 416 718 449 ducit
742 416 776 448 in
799 429 890 448 arma
920 415 1020 447 viros.

203 478 304 510 Nulia
329 490 423 509 meos
445 490 593 521 unquam
621 478 729 520 tetigit
753 477 962 523 blasphemia
986 489 1120 517 sensus;

248 538 318 571 Sed
344 539 432 580 vigil,
459 549 491 570 et
514 540 662 583 prudens
687 549 778 572 tutus
803 541 844 572 ab
870 540 964 572 hoste
990 538 1051 570 fui.

202 601 284 634 Sola
308 600 393 632 mihi
417 614 529 633 casum
554 605 638 645 περὶ
662 601 788 646 ἀρχῶν
813 601 902 634 dicta
928 602 1104 640 dederunt,

246 662 307 695 His
331 675 386 694 me
411 662 565 696 collectis
589 676 703 707 aspera
727 664 794 696 tela
818 672 989 708 premunt.

158 725 257 757 Anno
297 724 373 759 649.
413 724 557 769 primam
593 726 761 771 synodum
796 726 1053 758 Lateranensem
1094 725 1204 768 coligit

69 785 236 819 Martinus
267 786 422 831 pontifex
451 788 493 820 ad
527 788 739 821 Constantini
769 787 984 831 imperatoris
1018 787 1204 832 exploden-

70 848 151 881 dum
174 857 303 894 typum,
329 858 362 881 et
385 849 482 882 novis
511 862 549 882 ac
574 849 727 894 repetitis
741 849 959 883 anathematis
977 849 1205 895 proterendos

69 910 243 953 Sergium,
271 910 459 958 Pyrrhum,
491 924 529 944 ac
559 911 705 944 Paulum
737 911 993 945 Monothelitas.
1041 912 1205 954 Origenes

69 972 103 1005 in
130 986 166 1006 ea
191 986 268 1005 cum
292 973 358 1006 suis
382 974 582 1018 sequacibus
606 974 775 1020 Didymo,
802 983 834 1006 et
857 973 1002 1016 Evagrio
1028 975 1069 1007 ab
1095 974 1204 1006 eccle-

69 1035 117 1068 sia
140 1035 373 1080 proscribitur.
419 1036 556 1069 Favisse
582 1049 598 1068 e
623 1036 793 1069 contrario
818 1036 954 1068 videtur
971 1035 1110 1078 Origeni
1130 1036 1206 1068 Ste—

71 1097 200 1141 phanus
225 1097 382 1130 Gobarus
406 1098 582 1138 Tritheita‚
606 1107 645 1130 ut
670 1111 706 1130 cx
731 1097 848 1130 Photii
873 1097 1002 1130 Codice
1022 1097 1098 1132 232.
1125 1110 1206 1129 con-

73 1159 174 1204 jicere
199 1169 372 1204 promtum
399 1168 466 1200 est;
496 1161 659 1204 pleraque
689 1159 717 1192 si
750 1159 888 1204 quidem
920 1159 1024 1203 ipsius
1049 1159 1206 1201 dogmata

73 1221 217 1253 maxime
241 1222 421 1265 reprobata
445 1221 479 1253 in
503 1230 681 1266 utramque
700 1220 884 1266 disputavit
907 1230 1050 1265 partem,
1073 1230 1206 1253 senten-

72 1283 150 1314 tiam
175 1282 248 1326 ipse
272 1295 366 1315 snam
396 1284 538 1316 sortasse
570 1283 630 1315 hac
662 1292 731 1315 arte
764 1283 955 1323 occultans;
987 1282 1206 1326 praecipuos-

72 1357 137 1389 que
162 1344 316 1386 origenis
349 1345 541 1377 laudatores
575 1344 865 1378 commemoravit.
913 1343 1005 1376 Vixit
1038 1343 1125 1376 circa
1149 1356 1206 1375 an-

70 1418 150 1438 num
173 1405 249 1440 720.
297 1407 487 1440 Germanus
508 1406 698 1451 patriarcha
719 1405 1128 1451 constantinopolitanus,
1149 1404 1205 1449 qui

70 1478 205 1512 praeter
229 1467 292 1500 alia
310 1469 472 1512 opuscula
492 1467 794 1508 (ἔνταῐιοδοιικόν,
818 1468 886 1501 sive
910 1467 1112 1502 ἀνύω-υτον
1126 1466 1207 1498 scri-

70 1530 146 1573 psit.
195 1530 286 1562 Libri
311 1529 408 1575 hujus
432 1543 561 1562 summa
585 1530 714 1572 fastigia
741 1531 852 1572 legens
865 1530 1007 1563 Photius
1025 1529 1110 1562 Cod.
1128 1527 1207 1562 233.

70 1591 106 1623 in
130 1604 171 1624 eo
197 1591 380 1636 praecipue
403 1591 468 1624 hoc
493 1592 543 1634 agi
567 1593 689 1632 refert,
719 1601 756 1624 ut
781 1591 938 1634 Gregorii
961 1590 1103 1637 Nysseni
1127 1590 1208 1622 scri-

69 1663 128 1698 pta
152 1654 193 1686 ab
216 1653 279 1685 illo
307 1653 464 1695 Origenis
489 1666 603 1686 errore
628 1654 791 1686 immunia
816 1666 885 1686 esse
909 1654 1113 1698 probentur,
1138 1664 1206 1696 quo

71 1715 263 1755 daemones,
288 1728 325 1747 ac
348 1715 501 1748 homines
518 1715 658 1749 infernis
674 1716 807 1758 ignibus
825 1716 1001 1748 damnatos
1027 1714 1205 1747 liberatum

70 1776 252 1821 aliquando
279 1776 327 1809 iri·
344 1777 550 1818 affirmatur;
581 1779 622 1810 ab
647 1777 846 1820 Origenistis
878 1790 956 1819 ergo
983 1776 1140 1818 Gregorii
1166 1775 1207 1807 li—

73 1840 153 1872 bros
176 1839 300 1883 partim
324 1840 446 1884 spuriis
471 1841 727 1880 additamentis,
760 1840 883 1884 partim
916 1839 1017 1871 etiam
1042 1837 1130 1870 male
1155 1837 1206 1869 in-

72 1901 263 1945 terpretatis
295 1902 405 1934 verbis
438 1902 539 1935 fuisse
571 1902 706 1935 vitiatos
738 1901 946 1934 Germanum
978 1898 1207 1945 pertendisse;

74 1973 182 2006 eoque
222 1976 325 2007 opere
366 1964 528 2006 insignem
568 1964 608 1996 de
649 1963 848 2005 Origenistis
887 1971 1001 2007 aperte
1043 1959 1206 1993 convictis

74 2022 281 2067 triumphum
316 2024 428 2066 egisse.
488 2026 641 2058 Coaevus
667 2025 919 2070 propemodum
945 2023 1009 2056 fuit
1033 2023 1204 2056 Germano

75 2083 152 2116 huic
175 2085 321 2118 Joannes
344 2086 583 2127 Damasccnus,
610 2086 667 2131 qui
691 2100 788 2119 suum
814 2086 970 2118 adversus
997 2083 1204 2126 Origenistas

172 2219 201 2259 ¹)
225 2217 310 2252 Edd.
337 2220 434 2253 Huet.
461 2231 492 2253 et
519 2222 557 2254 R.
590 2222 631 2253 ad
663 2234 763 2262 marg.
802 2220 1015 2262 »Legendum
1041 2218 1202 2249 sortasse:

75 2264 259 2304 dogmata.‹=
