1422 2472
383 80 566 111 Arctoam
591 88 661 111 pao
687 78 864 111 OmGENf..
1119 76 1183 112 361

152 163 418 202 ὩΡῙΓΕΝΗΣ.
457 166 561 215 ’Ὡριῃ
577 169 608 212 ¹)
633 165 909 211 ἐπαναλαβόντα
932 167 1015 211 περὶ
1036 165 1182 212 πατρὸς,

65 227 126 259 καὶ
151 229 244 272 υἱοῦ,
270 232 331 263 καὶ
357 227 464 275 ἁγίου
487 228 707 274 πνεύματος,
740 229 843 274 ὀλίγα
867 230 938 262 τῶν
961 226 1038 263 τότε
1062 242 1186 273 παρα-

63 289 309 333 λελειμμένων
332 292 528 331 διεξελθεῖν
556 295 638 337 περὶ
670 289 804 335 πατρὸς
834 289 881 329 ὠς
912 289 1110 335 ἀδιαίρετος
1134 288 1186 323 ὢν

64 352 125 383 καὶ
153 350 342 395 ἀμέριστος
368 355 445 387 υἱοῦ
470 357 605 399 γίνεται
631 351 761 397 πατὴρ,
790 351 831 386 οὐ
847 350 1040 395 προβαλών
1060 351 1180 395 αὑτὸν,

65 409 112 449 ὡς
143 415 285 447 οἴονταί
312 427 414 454 τινες.
462 419 509 449 Εἰ
541 414 611 460 γάρ
643 412 801 458 προβολή
833 414 929 448 ἐστιν
962 411 980 447 ὁ
1014 413 1089 452 υἱὸς
1119 416 1182 448 τοῦ

63 472 216 518 πατρὸς,
247 478 308 509 καὶ
339 478 452 522 γεννᾷ
484 478 554 522 μὲν
583 478 620 516 ἐξ
651 476 761 511 αὐτοῦ
787 474 898 510 ὁποῖα
921 474 964 509 τὰ
989 477 1060 509 τῶν
1083 474 1183 516 ζώων

61 533 287 578 γεννήματα·
319 537 459 583 ἀνάγκη
491 540 596 584 σῶμα
621 535 712 574 εἶναι
736 537 800 572 τὸν
828 535 1097 582 προβάλλῡντα,
1123 539 1183 572 καὶ

63 594 126 630 τὸν
148 602 452 645 προβεβλημένον.

151 675 429 712 PAMPHILUS.
476 678 564 710 Tum
595 677 717 710 deinde
746 677 780 709 in
812 677 1092 721 consequentibus
1126 691 1180 710 ve-

60 736 248 771 hementius
277 740 450 772 adversum
483 739 650 772 Valentini
689 738 838 771 haeresin
874 739 952 771 talia
991 739 1181 771 describen-

58 806 126 830 tem
143 800 176 843 ²)
207 799 373 841 invectus,
414 802 512 843 longe
551 801 599 834 his
629 800 829 833 contrariam
859 813 952 833 suam
982 801 1181 833 sententiam

58 861 240 893 secundum
282 862 474 896 Catholicae
506 863 585 896 fidei
615 863 759 907 protulit
783 862 966 896 veritatem.
1013 863 1061 895 Ex
1073 863 1107 907 3)
1130 876 1181 895 se-

61 922 172 955 eundo
197 923 285 956 libro
311 925 495 957 secundum
518 926 684 958 Joannem
709 925 750 957 de
774 925 824 958 his
848 924 938 970 ipsis.

149 1006 392 1042 ORiGENES.
447 1008 672 1051 „Unigenitus
685 1009 719 1053 ⁴¹)
759 1022 837 1051 ergo
875 1010 986 1050 Deus,
1024 1010 1180 1043 Salvator

59 1076 183 1108 noster,
207 1068 297 1101 solus
321 1081 339 1102 a
363 1070 461 1102 Patre
485 1079 675 1112 generatus,
706 1080 820 1102 natura
846 1079 879 1102 et
901 1083 967 1102 non
994 1071 1179 1115 adoptione

59 1128 168 1161 Filius
194 1139 251 1163 est.
298 1131 400 1164 Natus
426 1132 518 1175 est⁵)
543 1141 653 1164 autem
679 1144 715 1163 ex
736 1131 805 1175 ipsa
820 1131 925 1164 Patris
946 1141 1069 1172 mente,
1094 1132 1179 1166 sicut

155 1270 186 1315 ¹)
211 1270 338 1303 Graeca
363 1271 502 1307 haecce,
536 1280 568 1303 et
598 1271 667 1316 ipsa
701 1271 742 1303 ad
775 1271 831 1303 lib.
858 1272 912 1305 IV.
943 1275 1023 1317 περὶ
1056 1272 1179 1317 ἀρχῶν

58 1327 150 1347 num.
175 1315 333 1349 XXVIII.
358 1316 570 1360 pertinentia,
595 1318 745 1349 desumta
770 1326 845 1349 sunt
870 1331 906 1349 ex
932 1317 988 1353 lib,
1020 1319 1041 1349 1.
1074 1319 1178 1352 Euse-

58 1360 104 1391 bii
137 1370 252 1394 contra
288 1362 438 1394 Marcell.
477 1364 637 1408 Ancyran.
670 1375 739 1406 cap.
765 1363 821 1394 lV.
859 1364 928 1406 (ed.
960 1363 1071 1405 Vigeri
1104 1377 1177 1408 pag.

58 1405 129 1449 22.)
152 1416 183 1438 et
210 1407 371 1450 quaedam
404 1408 444 1439 de
476 1421 537 1439 suo
571 1407 737 1440 addidisse
771 1407 903 1440 videtur
933 1408 964 1440 in
996 1423 1053 1441 sua
1077 1409 1178 1441 inter-

58 1451 246 1495 pretatione
278 1452 418 1484 Rufinus
460 1462 575 1485 contra
607 1453 756 1485 Arianos.
810 1453 896 1485 Vide
927 1454 1177 1487 observationes

58 1505 187 1528 nostras
211 1496 244 1528 in
269 1496 357 1528 hunc
383 1497 494 1529 locum
520 1498 577 1530 lib.
604 1498 659 1531 lV.
685 1501 767 1542 περὶ
791 1498 913 1542 ἀρχῶν
928 1500 1176 1532 num.XXVll.

58 1551 89 1573 et
128 1541 359 1583 Origenianor.
398 1543 455 1575 tib.
483 1544 527 1575 11.
559 1552 682 1587 quaest.
708 1545 749 1577 ll.
785 1556 874 1576 num.
906 1545 1031 1576 ΧΧΗΙ.
1065 1545 1102 1576 R.
1135 1564 1175 1569 —

58 1586 129 1619 Csr.
162 1588 212 1619 ed.
245 1587 372 1630 Redep.
397 1600 468 1631 pag.
492 1588 546 1622 SO.
583 1588 661 1620 coll.
692 1601 763 1632 pag.
789 1589 863 1623 368.
895 1602 981 1633 seq.,
1013 1589 1063 1621 etl.
1097 1603 1174 1622 vero

56 1642 159 1666 nostr.
182 1632 281 1664 Tom.
304 1632 397 1666 XXI.

148 1689 180 1732 ²)
206 1688 292 1720 Edd.
317 1689 365 1721 ¹M.
396 1689 652 1728 ‚‚scribentem.‘⁴

149 1745 183 1789 ³)
210 1745 257 1776 Ita
284 1758 399 1778 omnes
424 1746 503 1782 Mss.
528 1756 561 1778 et
586 1746 666 1779 editi
692 1748 738 1789 (v.
766 1760 793 1779 e.
820 1747 895 1778 edd.
917 1747 990 1790 M).
1017 1749 1173 1781 Attamen

57 1802 196 1833 sequens
220 1789 373 1831 Origenis
403 1800 575 1824 contextus
604 1791 726 1824 nullibi
759 1791 792 1823 in
823 1793 970 1824 secundo
1003 1793 1114 1825 Tomo
1140 1794 1174 1826 in

57 1835 221 1867 Joannem
260 1835 443 1880 reperitur,
482 1839 632 1881 quamvis
668 1837 796 1869 Graece
837 1837 1024 1879 etiamnunc
1059 1848 1174 1873 exstet.

59 1879 126 1911 Sed
158 1888 303 1912 extrema
333 1881 383 1912 sui
413 1891 506 1925 parte
544 1883 756 1914 detruncatus
791 1881 921 1914 videtur
951 1883 1004 1915 hic
1034 1884 1174 1917 Tomus.

59 1924 214 1956 Forsitan
238 1924 336 1957 etiam
367 1926 586 1968 fragmentum
620 1928 682 1959 hoc
708 1940 724 1958 e
750 1927 862 1959 Tomo
888 1929 927 1959 V.
953 1927 986 1960 in
1008 1929 1174 1962 Joanncm

58 1969 128 2000 erui
146 1969 262 2013 possit,
286 1972 567 2014 quemadmodum
587 1973 733 2009 et‘nllud,
758 1974 848 2016 quod
870 1986 906 2004 ex
923 1974 1042 2005 eodem
1060 1974 1172 2007 Tomo

58 2026 156 2057 supra
181 2014 293 2046 attulit
315 2015 518 2059 Pamphilus.
566 2018 725 2050 Profecto
757 2018 846 2050 idem
873 2027 935 2051 etc.
967 2019 1005 2051 R.
1034 2039 1074 2044 —-
1103 2020 1172 2052 Csr.

60 2059 113 2090 ed.
136 2069 238 2092 nostr.
263 2060 363 2093 Tom.
387 2061 427 2094 V.
450 2075 524 2106 pag.
549 2062 625 2097 303.
651 2072 720 2095 not.
745 2063 776 2096 2.

151 2116 184 2159 4)
209 2115 372 2148 Desurnta
401 2127 477 2149 sunt
508 2118 590 2150 haee
619 2120 719 2151 verba
749 2132 786 2151 ex
818 2119 911 2161 Orig.
946 2119 1171 2155 commentar.

59 2160 92 2192 in
119 2173 170 2192 ev.
195 2161 314 2195 Joann.
341 2161 408 2194 Csr.
434 2163 485 2194 ed.
511 2173 612 2196 nostr.
637 2164 735 2197 Tom.
762 2165 802 2197 V.
827 2178 898 2209 pag.
924 2164 998 2199 303.
1022 2179 1090 2210 seq.

152 2217 184 2259 5)
208 2216 264 2250 Sic
299 2217 382 2251 Cod.
411 2218 628 2255 sorbonicus.
675 2220 787 2253 Ceteri
818 2233 895 2253 vcro
922 2220 999 2254 Mss.
1033 2231 1066 2254 et
1090 2222 1172 2256 editi

59 2262 105 2303 (ν.
133 2275 158 2294 c.
184 2263 257 2295 cdd.
284 2263 349 2306 M.)
374 2263 531 2296 omittunt
559 2271 664 2305 „cst.‘⁸
691 2266 731 2298 R.
