1422 2472
372 89 685 123 Omoemus-onum
710 88 821 121 Lmen
846 87 857 119 1
862 88 888 124 Ι.
1136 86 1179 120 27

51 188 213 212 moverat.
261 178 427 223 Exemplo
466 191 601 223 quoque
638 178 855 224 Hieronymi,
891 177 1076 210 multorum
1113 175 1178 222 jam

50 239 204 282 Origenis
229 239 395 273 librorum
427 238 636 283 interpretis,
670 240 851 272 adductum
874 251 909 271 se
932 238 1095 280 significat
1119 238 1177 270 hae

48 301 121 345 ipsa
145 300 361 333 praefatione
387 301 544 339 Rufinus,
574 310 612 332 ut
641 300 833 345 scriptionis
865 299 955 332 illius
987 298 1180 332 couversio-

47 375 126 394 nem
156 362 350 407 susciperet.
404 361 448 394 Et
483 375 614 394 caussae
654 371 765 394 tamen
805 361 849 394 ita
881 361 1010 394 diffisus
1042 370 1108 400 est,
1140 369 1178 392 ut

48 423 255 456 praefationi
285 436 409 456 nomen
440 435 536 454 suum
569 423 758 455 adscribere
791 436 858 454 non
890 423 1046 460 auderet,
1073 431 1104 454 et
1128 435 1177 453 as-

46 497 144 516 seusu
169 494 339 528 praeterea
365 482 548 526 Theophili
574 493 606 516 et
631 484 827 529 Hieronymi
853 483 1063 525 gloriaretur.

137 544 256 578 Multis
276 544 448 577 enimvero
471 544 566 576 cordi
580 544 644 576 suit
669 558 755 589 opus
778 545 863 577 illud
888 545 1045 577 aRufino
1069 554 1175 577 trans-

47 607 162 646 latum,
187 615 220 639 et
244 605 383 647 Origeni
406 606 612 646 sacerdotes,
636 606 838 645 monachos,
869 615 902 638 et
927 619 943 637 e
970 605 1176 638 Christiano-

48 681 121 700 rum
149 668 248 709 vulgo
277 667 401 699 multos
426 666 585 712 adjunxit,
609 677 642 700 et
663 666 775 700 Si1icii
800 680 935 712 quoque
959 667 1070 711 Papae.
1094 667 1174 699 sim-

44 727 188 772 plicitati
213 728 329 761 illusit.
380 732 421 761 At
453 730 566 774 plures
594 738 706 761 tamen
738 728 910 760 doctrinae
944 727 1073 760 novitas
1098 742 1174 772 per-

45 789 138 829 culit,
161 790 248 822 adeo
274 800 311 822 ut
337 800 445 822 totum
463 790 591 822 ‘orbem
622 800 697 834 post
725 790 836 822 Rufini
861 789 1171 834 interpretationem

44 850 78 883 in
104 851 258 893 Origenis
283 852 401 884 odium
426 853 592 895 exarsisse,
619 861 652 883 et
676 852 869 883 translatum
896 864 980 894 opus
1003 851 1171 896 expavisse

43 912 218 945 tradiderit
249 913 475 958 Hieronymus
507 913 581 946 libr.
615 913 645 947 1.
677 913 821 957 Apolog.
856 926 927 956 cap.
959 913 990 947 3.
1045 918 1172 946 Auctor

46 987 181 1018 quoque
207 974 265 1007 ille
291 984 350 1014 est,
378 975 521 1019 primam
546 974 743 1007 Marcellam
769 976 967 1014 Romanam,
991 975 1170 1007 nobilitate

43 1037 183 1077 generis,
208 1045 241 1068 et
266 1036 390 1081 pietate
415 1036 598 1075 illustrem,
638 1036 905 1068 subolescentem
938 1050 1087 1069 errorem
1113 1038 1171 1069 de-

43 1097 259 1141 prehendisse
285 1111 322 1133 ac
347 1097 550 1141 repressisse.
598 1097 789 1129 Dis-cessum
824 1098 934 1142 itaque
969 1098 1169 1131 destinantes

45 1159 124 1190 facti
148 1169 318 1199 auctores,
351 1172 427 1190 cum
460 1158 526 1204 jam
558 1159 627 1191 fere
652 1168 689 1191 ut
714 1159 882 1191 Haeretici
909 1159 1169 1200 designarentur,

45 1220 282 1252 ecclesiasticas
315 1220 472 1264 epistolas
507 1233 524 1252 a
554 1219 678 1252 Siricio
712 1221 909 1264 impetrant,
940 1230 977 1252 ut
1007 1221 1167 1253 ccclesiae

45 1281 283 1314 communione
308 1282 442 1322 gloriari
467 1290 622 1325 possent:
652 1292 752 1327 atque
776 1282 824 1314 his
850 1283 1074 1314 communitus
1100 1284 1168 1315 Ru-

43 1344 127 1376 finus
151 1342 340 1387 Aquileiam
363 1342 533 1375 remeavit.

132 1404 239 1436 XVlI.
288 1407 330 1437 At
354 1405 586 1437 Pammachius
612 1414 644 1436 et
666 1406 819 1438 Oceanus
845 1406 886 1437 de
903 1406 1001 1437 rebus
1026 1405 1059 1437 in
1084 1407 1167 1438 urhe

44 1465 142 1507 gestis
166 1466 410 1513 Hieronymum
444 1466 622 1498 certiorem
659 1466 803 1506 faciunt,
836 1476 868 1499 et
892 1467 1101 1499 Rufinianam
1129 1467 1167 1499 li-

44 1529 182 1560 brorum
220 1532 301 1572 περὶ
335 1527 457 1572 ἀρχῶν
492 1528 803 1572 interpretationem
843 1541 918 1560 cum
952 1528 1166 1561 Praefatione

44 1589 289 1629 transmittunt,
319 1590 557 1634 postulantque
591 1600 626 1622 ut
653 1590 754 1622 libros
780 1589 914 1621 eosdem
941 1590 1075 1622 meliori
1101 1591 1166 1623 lide

44 1660 228 1691 convertat,
254 1661 287 1683 et
311 1651 446 1695 injectas
477 1652 518 1683 de
550 1665 584 1683 se
614 1651 820 1694 suspiciones
845 1650 960 1684 diluat.
1008 1652 1166 1684 Redierat

44 1726 121 1746 cum
143 1713 205 1744 illo
230 1712 295 1756 jain
320 1722 389 1744 tum
416 1712 449 1744 iu
472 1712 608 1754 gratiam
634 1712 789 1751 Rufinus,
820 1725 894 1744 curn
920 1712 1167 1759 Hierosolymis

42 1774 324 1820 proficisceretur.
372 1775 524 1807 Subdola
558 1775 669 1818 itaque
702 1773 813 1806 Rufini
845 1774 1054 1806 Prael'atione
1081 1775 1164 1807 clam

42 1849 192 1868 ari-osum
223 1849 257 1867 se
289 1845 320 1867 et
352 1835 541 1879 impetitum
572 1836 715 1868 sentiens
747 1835 991 1880 Hieronymus,
1023 1845 1055 1867 et
1080 1836 1166 1869 inter

46 1897 250 1940 Origeuistas
274 1897 440 1941 positum,
470 1897 553 1929 hanc
585 1911 660 1929 cum
687 1910 727 1929 eo
752 1896 906 1941 injuriam
931 1897 1036 1930 amice
1061 1908 1093 1930 et
1119 1899 1165 1930 le-

44 1959 130 1991 niter
154 1959 376 2003 expostulavit
399 1972 460 2002 per
479 1959 667 2002 epistolam,
694 1959 786 2004 cujus
812 1960 875 1991 hoe
900 1968 948 1991 est
973 1960 1164 1992 exordium:

48 2019 136 2051 »Diu
160 2030 192 2052 te
205 2021 334 2053 Romae
358 2030 523 2052 moratum
545 2034 655 2052 sermo
673 2022 829 2065 proprius
847 2021 1047 2053 indicat-itm
1075 2022 1163 2053 uude

47 2081 125 2112 licet
150 2081 315 2126 conjicere
347 2081 411 2126 jam
435 2092 512 2114 ante
538 2083 577 2114 ad
604 2095 680 2114 eum
707 2082 815 2113 literas
842 2082 997 2114 l'uulinum
1024 2083 1162 2114 dedisse.

45 2142 113 2186 Sed
138 2155 212 2174 cum
237 2156 298 2186 per
326 2153 479 2175 vecturae
503 2157 612 2175 moras
643 2143 746 2175 serius
780 2144 920 2175 l'iomam
952 2144 1061 2174 delata
1086 2142 1164 2173 suis-

45 2213 96 2236 set
120 2203 316 2248 Hieronymi
341 2205 526 2249 responsio,
563 2204 786 2237 renuntiatum
813 2206 937 2236 interea
965 2206 1072 2235 suerat
1099 2204 1164 2235 llu-

46 2265 134 2305 fiuo,
167 2277 286 2297 novam
320 2265 482 2299 librorum
512 2270 594 2311 περὶ
628 2266 749 2311 ἀρχῶν
780 2265 1091 2310 interpretationem
1122 2266 1162 2297 ab
