1413 2482
181 74 249 110 236
517 75 628 108 Pmm
652 74 825 107 nmmos
850 73 980 108 Huz'rn

184 165 301 209 ctus')
327 174 393 204 est,
424 164 614 203 hominem,
646 164 687 196 dc
720 177 788 208 quo
822 163 1032 206 diligentius,
1067 165 1200 198 favente
1223 164 1312 202 Deo.

185 241 262 261 cum
287 229 399 260 locum
428 225 538 270 ipsum
564 225 597 258 in
624 225 749 259 Genesi
775 238 943 270 exponere
967 225 1195 271 coeperimus,
1220 226 1312 259 vide-

183 290 331 323 bimus.«
383 288 476 331 Quid
509 286 612 330 ergo?
651 288 709 319 An·
734 287 815 320 haec
845 300 862 320 a
887 287 1049 327 librariis,
1081 301 1122 321 an
1146 289 1187 321 ab
1210 288 1311 321 inter-

183 361 278 397 prete
304 349 418 383 vitiata
444 349 616 382 dicemus?
639 362 680 382 an
705 350 769 382 alia
794 351 957 395 quaedam
982 350 1016 382 in
1034 349 1182 383 Genesin
1206 349 1313 383 medi-

182 422 289 445 tatum
326 411 427 444 fuisse
463 412 626 454 fingemus
663 412 864 454 Origenem,
903 426 978 444 cum
1015 413 1096 445 haec
1133 411 1314 446 scriberet?

181 474 351 519 Equidem
375 474 510 507 haereo.
549 474 598 506 Ex
624 474 712 506 libro
735 487 871 519 quoque
899 475 940 507 de
961 474 1124 508 Oratione
1150 487 1241 507 num.
1258 472 1311 508 23.

181 536 425 579 cognoscimus,
449 535 613 580 scriptum
637 536 725 568 hunc
749 549 818 569 esse
837 536 936 570 editis
960 536 1026 581 jam
1053 534 1314 570 Commentariis

180 598 215 631 in
241 598 400 631 Genesin.
449 597 710 642 Expositionum
734 598 767 630 in
792 598 966 638 Exodum,
990 598 1024 631 in
1048 597 1252 636 Leviticum,
1281 606 1313 629 et

181 660 214 693 in
239 661 407 693 Numeros
431 660 525 692 nulla
548 660 582 692 in
607 670 699 693 sexto
713 660 920 693 Eusebianae
938 659 1106 694 Historiae
1130 659 1312 693 memoria:

182 734 236 755 eas
261 735 331 755 esse
355 721 554 754 vetustiores
580 722 698 755 decem
715 722 956 755 Voluminibus
982 721 1313 756 Commentariorum

182 783 216 816 in
243 784 419 817 Canticum
445 783 664 817 Canticorum
696 784 776 816 haec
796 776 957 825 'Origeuis
981 784 1188 828 patefaciunt
1213 784 1313 816 verba

181 858 220 877 ex
244 846 321 879 libr.
338 846 366 881 1.
394 846 585 879 Commeat.
611 845 643 878 in
663 845 790 879 Camic.
815 846 886 878 »Dc
912 859 980 890 quo
1004 846 1138 890 plenius
1163 846 1197 879 in
1223 845 1311 878 libro

180 907 345 947 Levitico,
370 917 473 952 prout
495 907 666 942 Dominus
692 908 770 940 dare
795 907 946 949 dignatus
972 917 1030 947 est,
1055 907 1309 952 exposuimus2«

182 979 216 1002 et
247 969 309 1002 istu
343 982 360 1002 e
391 969 562 1012 prologo:
613 970 706 1003 »Sed
742 970 918 1014 quomodo
951 969 1111 1002 differant
1143 982 1161 1002 a
1190 969 1312 1002 sanctis

179 1041 291 1064 sancta
306 1040 500 1064 sanctorum
518 1031 550 1063 in
569 1031 701 1070 Exodo,
726 1041 759 1063 et
772 1032 806 1075 ²)
833 1031 1008 1075 quomodo
1033 1031 1192 1063 disserant
1209 1043 1312 1076 opera

179 1094 221 1125 ab
247 1093 407 1138 operibus
433 1105 577 1137 operum
600 1092 634 1124 in
660 1093 890 1125 Numerorum
922 1092 1029 1132 libro,
1061 1093 1311 1137 tractatibus‚³)

178 1164 283 1200 prout
305 1155 498 1200 potuimus,
524 1154 653 1188 dictum
678 1163 727 1187 est
750 1168 767 1187 a
791 1153 921 1187 nobis.«
971 1154 1051 1198 Quo
1076 1164 1232 1200 tempore
1255 1167 1312 1187 au-

178 1226 250 1250 tem
291 1216 469 1251 Canticum
512 1216 756 1262 explanaverit,
802 1229 881 1248 mox
917 1215 1107 1249 viderimus.
1166 1216 1311 1262 Exposi-

277 1363 308 1407 ¹)
332 1364 418 1396 Edd.
445 1364 546 1397 Huet.
575 1364 700 1396 »sactus
724 1373 772 1396 est
797 1363 919 1402 homo,
944 1363 985 1395 de
1011 1376 1098 1407 quo«
1126 1374 1191 1398 etc.

271 1420 305 1464 ²)
331 1420 370 1452 ld
395 1432 496 1461 genus
514 1419 738 1452 distinctionis
759 1429 861 1452 exstat
883 1419 1011 1451 Homil.
1028 1419 1066 1451 V.
1085 1419 1118 1452 in
1131 1421 1308 1455 Numeros.

181 1477 251 1511 Sed
275 1476 348 1521 quis
372 1488 517 1508 asserere
543 1469 653 1520 queat;
676 1476 782 1508 utrius
808 1476 919 1521 operis
944 1489 1019 1521 pars
1043 1475 1084 1508 sit
1100 1475 1180 1509 haec
1206 1491 1310 1523 περι-

179 1532 293 1576 κοπή,
331 1533 578 1573 Homiliarum,
617 1546 658 1565 an
696 1532 937 1566 scholiorum?
991 1533 1183 1578 Utrumque
1219 1534 1308 1568 enim

181 1603 265 1633 opus
290 1589 390 1622 simul
415 1589 612 1635 permiscuit
636 1584 803 1622 ssufinuss
835 1589 871 1623 Si
891 1589 1129 1629 Homiliarum,
1154 1589 1236 1623 falsa
1259 1600 1310 1623 est

180 1646 296 1678 Huetii
320 1647 494 1688 sententia,
520 1647 592 1679 illas
619 1640 735 1678 omnes
760 1658 830 1678 esse
855 1659 893 1678 ex
918 1659 1031 1679 earum
1051 1657 1204 1685 numero,
1228 1659 1308 1690 quas

179 1702 397 1734 Adamantius
423 1713 499 1747 post
525 1703 639 1736 aetatis
665 1714 742 1734 suae
767 1714 889 1734 annum
914 1701 1151 1743 sexagesimum
1170 1715 1208 1734 ex
1226 1713 1308 1736 tcm-

178 1770 263 1801 pore
288 1759 536 1801 pronuntiavit:
563 1760 589 1792 si
613 1759 844 1798 Scholiorum,
868 1757 951 1790 nihil
976 1758 1135 1801 equidem
1159 1758 1225 1803 jam
1251 1772 1307 1792 ve-

177 1812 280 1852 tabit,
313 1814 492 1857 quominus
518 1815 688 1848 Homiliae
722 1814 754 1846 in
780 1816 948 1847 Numeros
979 1814 1216 1857 pronuntiatae
1241 1816 1308 1848 exi-

177 1869 370 1908 stimentur,
402 1880 579 1915 postquam
611 1871 774 1912 Origenes
806 1869 921 1901 aetatis
957 1882 1034 1901 suae
1062 1882 1185 1903 annum
1215 1884 1306 1905 sexa-

176 1924 340 1967 gesimum
365 1925 491 1966 attigit;
523 1926 581 1958 sed
607 1925 640 1957 id
664 1939 732 1958 non
758 1934 850 1957 certo
875 1924 1019 1964 eruitur,
1042 1935 1079 1958 ut
1102 1925 1189 1959 infra
1212 1937 1307 1972 putat

179 1980 332 2020 Huetius,
357 1994 393 2013 ex
422 1980 624 2013 duodecima
648 1981 680 2012 in
693 1980 875 2013 Jcremiam
896 1981 1056 2014 Humilia.
1104 1982 1156 2014 lbi
1180 1983 1306 2028 quippe

175 2037 413 2069 tantummodo
438 2036 483 2069 ait
508 2036 691 2078 Origenes,
715 2048 768 2074 se,
793 2036 850 2067 uhi
875 2037 975 2069 finem
1002 2037 1138 2071 dicendi
1162 2040 1303 2081 fecisset,

177 2093 284 2125 adhuc
308 2092 502 2125 locuturum
528 2093 569 2124 de
588 2094 814 2124 Numen-orum
838 2093 926 2132 loco,
952 2093 1008 2138 qui
1034 2095 1193 2137 legendus
1218 2106 1303 2129 erat:

178 2150 271 2193 quod
294 2162 371 2181 sane
396 2161 462 2181 non
487 2148 640 2193 impedit,
665 2162 732 2193 quo
759 2148 868 2181 minus
893 2149 972 2182 alias
997 2151 1095 2194 longe
1120 2161 1215 2184 antea
1232 2151 1303 2184 Ho-

178 2205 287 2238 milias
312 2206 345 2238 in
370 2206 537 2238 ,Numeros
562 2205 682 2237 habere
708 2205 867 2248 potuerit.
916 2207 955 2240 R.

271 2261 305 2304 ³)
331 2261 417 2295 Edd.
443 2261 573 2295 lluctiiz
611 2260 837 2294 tractantibus.
