1422 2472
368 111 683 145 Omessmsnonum
709 111 820 144 Lim-:n
847 111 890 143 II.
1154 113 1195 147 81

56 198 306 245 subscriptione
332 201 542 234 confirment.
589 202 688 234 Vetat
705 211 878 246 praeterea
903 202 1114 248 episcopum,
1140 205 1194 237 vel

57 260 352 295 archimandritam
378 263 537 295 constitui
563 275 778 308 quemquam,
802 264 867 297 nisi
891 264 984 309 prius
1010 265 1195 308 Origenem

58 335 123 355 una
149 337 226 356 cum
251 323 323 356 aliis
348 323 543 364 haereticis,
574 325 632 369 qui
666 325 707 358 de
738 338 834 358 more
872 326 906 359 in
940 327 1037 360 editis
1068 327 1195 361 libellis

58 385 277 418 anathematis
302 386 564 426 confodiuntur,
595 395 670 419 toto
695 386 809 420 animo
835 388 994 422 detestari
1019 402 1054 422 se
1080 399 1114 422 et
1137 390 1195 423 da-

57 459 171 479 mnare
203 446 306 479 fuerit
339 448 519 492 professus.
574 447 748 490 Significat
777 451 999 493 postmodum
1031 450 1144 485 literas
1177 465 1195 485 a

57 520 91 540 se
118 509 240 541 eodem
264 509 329 541 hoc
355 509 512 553 exemplo
537 508 649 541 missas
675 510 716 541 ad
741 509 906 551 Vigilium
930 512 1070 557 Papam,
1097 523 1130 545 et
1150 514 1192 546 ad

55 569 281 602 patriarcham
315 569 598 610 Alexandrinum,
622 570 990 617 Hierosolymitanum,
1023 583 1056 606 et
1080 575 1188 607 Theo-

57 631 265 676 politanum,
299 630 364 664 hoc
405 640 454 664 est
489 631 750 665 Antiochenam.
814 633 1030 666 Antiochiam
1065 635 1192 680 quippe

55 702 133 738 post
156 702 264 725 terrae
289 702 421 725 motum
447 693 620 737 auspicato
644 693 783 728 nomine
809 695 1005 740 Theopolin
1030 697 1192 730 Justinia—

54 767 116 787 nus
139 754 334 800 appellavit.
383 756 437 787 Ad
462 755 542 795 haec
567 768 605 788 ex
629 768 698 788 uno
724 759 808 804 περὶ
833 756 958 803 ἀρχῶν
981 757 1107 803 Opere,
1134 759 1192 804 qui

54 816 197 850 maxime
222 816 381 861 capitales
408 816 468 849 visi
491 826 585 857 sunt,
620 829 751 850 errores
777 817 924 861 colligit,
957 829 990 852 et
1015 820 1059 852 ob
1085 820 1192 853 lecto-

54 891 128 911 rum
161 879 280 911 oculos
315 878 424 923 ponit.
472 879 631 924 Denique
663 880 764 912 verba
795 879 867 925 ipsa
904 881 1119 925 praescribit,
1155 882 1189 914 in

53 953 137 985 quae
161 939 455 973 anathematismos
491 941 648 974 adversus
679 940 835 984 Origenis
867 942 1023 985 dogmata
1054 943 1190 989 concipi

54 1003 153 1042 velit,
193 1015 339 1047 quorum
372 1011 563 1046 postremus
596 1002 778 1045 Origenem
810 1003 923 1048 ipsum
951 1005 1188 1038 damnatorum

52 1065 245 1106 dogmatum
271 1073 444 1096 auctorem
469 1063 637 1108 percellit.

143 1126 203 1158 IX.
251 1124 506 1158 Conferendum
544 1126 610 1157 huc
650 1125 784 1158 videtur
815 1125 1033 1171 Theophanis
1066 1129 1188 1161 Nesto-

53 1186 136 1219 riani
159 1185 315 1218 monachi
340 1186 465 1226 visum,
499 1187 591 1231 quod
624 1198 642 1217 a
679 1186 825 1218 Moscho
863 1187 1001 1220 Evirato
1027 1188 1060 1220 in
1084 1188 1187 1222 Prato

52 1247 242 1293 spirituali,
268 1260 339 1291 cap.
364 1247 417 1282 28.
442 1256 604 1280 narratur.
654 1247 792 1280 Adierat
817 1248 982 1294 Cyrillum
1007 1249 1189 1295 Theopha-

52 1323 110 1343 nes
134 1309 193 1342 ille
217 1308 291 1341 aliis
327 1308 438 1354 ipsum
470 1310 511 1342 de
543 1310 642 1341 rebus
673 1319 948 1353 percontaturus,
983 1324 1082 1356 quem
1110 1326 1185 1345 cum

50 1372 84 1404 in
110 1370 259 1404 Nestorii
283 1370 356 1403 luto
380 1371 517 1403 haerere
549 1370 771 1415 perspexisset
802 1370 972 1416 Cyrillus,
999 1385 1096 1405 orare
1120 1373 1188 1418 jus-

49 1433 103 1473 sit,
126 1442 164 1465 ut
188 1444 312 1477 ecquae
339 1431 450 1464 verior
467 1441 552 1464 esset
573 1431 738 1471 doctriua,
763 1431 826 1463 sibi
840 1433 1025 1476 patefieret.
1065 1434 1186 1468 Oranti

49 1494 177 1528 adstitit
200 1494 347 1539 quidam,
372 1494 532 1538 adspectu
556 1492 736 1533 terribilis,
768 1502 1020 1540 assumtumque
1046 1497 1186 1529 deduxit

48 1557 324 1597 in,tenebrosum
350 1556 484 1595 locum,
516 1564 547 1587 et
571 1554 710 1587 foetidis
735 1554 866 1597 ignibus
892 1556 1085 1591 horridum:
1111 1568 1184 1590 tum

50 1619 80 1652 ei
103 1617 225 1651 mediis
249 1618 283 1650 in
313 1617 455 1650 flammis
480 1616 693 1656 Nestorium,
725 1616 970 1663 Eutychetern,
1005 1620 1183 1664 Apollina-

46 1693 130 1721 rem,
151 1680 373 1720 Dioscorum,
398 1679 574 1720 Severum,
600 1678 794 1720 origenem,
820 1688 852 1711 et
873 1679 957 1712 alios
972 1681 1184 1725 adspicienti,

48 1743 251 1776 destinatum
276 1741 364 1774 hunc
389 1754 458 1773 esse
477 1741 590 1773 locum
610 1740 693 1772 dixit
717 1741 963 1773 haereticorum
989 1743 1184 1787 suppliciis;

48 1805 82 1837 in
109 1816 218 1849 eoque
243 1804 395 1836 futurum
426 1812 463 1835 ut
493 1815 619 1847 poenas
650 1802 722 1847 ipse
755 1803 813 1835 det
843 1803 1045 1847 aliquando,
1078 1805 1141 1838 nisi
1165 1818 1184 1838 a

47 1864 236 1910 praeceptis
259 1865 371 1898 animo
398 1863 616 1909 opinionibus
643 1863 840 1897 discesserit.
888 1864 1006 1897 Visum
1035 1865 1181 1910 Cyriaco

47 1927 193 1960 narravit
216 1927 461 1971 Theophanes,
495 1935 526 1958 et
563 1926 758 1959 Catholicae
791 1925 952 1959 ecclesiae
975 1940 1101 1960 nomen
1126 1930 1183 1962 de-

50 1988 108 2021 dit.
155 1989 327 2021 Laudatur
351 1989 441 2021 istud
465 1988 599 2021 Moschi
625 2001 709 2032 opus
736 1987 938 2032 in-septima
962 1990 1106 2035 synodo,
1132 1989 1183 2022 in-

49 2050 158 2094 deque
182 2050 328 2083 multum
354 2050 418 2095 ipsi
451 2049 658 2082 auctoritatis
682 2049 857 2082 accessisse
883 2051 1056 2083 credentes
1079 2052 1182 2096 pleri-

49 2124 125 2156 que,
150 2111 185 2143 id
209 2112 426 2156 Theophanis
449 2111 618 2144 somnium
644 2124 707 2155 pro
734 2110 826 2143 edito
852 2111 1014 2145 divinitus
1041 2115 1179 2145 oraculo

49 2172 182 2207 habent.
230 2172 309 2215 Quo
335 2173 492 2218 equidem
518 2185 636 2217 parum
661 2185 884 2216 permoveor;
910 2186 986 2205 nam
1012 2174 1180 2219 ejusmodi

48 2232 310 2266 somniationum
338 2235 428 2267 ferax
453 2244 502 2268 est
526 2234 793 2276 Graeculorum,
825 2248 862 2267 ac
886 2235 1082 2279 praesertim
1108 2248 1181 2267 mo-

47 2295 231 2327 nachorum
255 2295 366 2337 nati03
397 2304 430 2326 et
461 2308 680 2339 quaecunque
705 2308 768 2340 per
792 2295 900 2328 otium
926 2295 1106 2337 imaginum
1131 2309 1181 2329 ar-

94 2357 271 2391 Omessffls
300 2356 437 2389 OPERA.
464 2356 560 2389 ΤοΜ.
586 2356 714 2388 XXIV.
940 2357 960 2387 6
