1422 2472
389 103 701 135 Omonmnmonum
725 102 838 134 ann
865 101 908 134 11.
1170 100 1215 135 39

84 190 160 234 plns
184 190 410 224 adhibendum
437 191 469 223 in
496 193 557 224 hac
580 192 718 224 historia
741 190 840 230 fidei,
870 190 1044 230 Palladio,
1069 189 1214 229 Socrati,

84 252 296 291 Sozorneno,
328 252 480 294 Georgi«)
513 253 758 292 Alexandrino,
795 264 964 298 anonymo
995 251 1083 284 vitae
1108 251 1213 295 Chry-

82 314 226 345 Sostomi
249 314 426 358 scriptori,
458 324 491 346 et
514 314 668 347 Simeoni
693 315 959 358 Memphi-astae3
990 321 1031 346 a'u
1063 311 1211 356 Epipha—

81 374 157 414 nio,
181 385 213 407 et
246 375 474 421 Hieronymo,
505 376 710 420 disquiritur.
759 376 828 409 Vll.
862 374 1047 420 Theophili
1075 372 1211 419 synodi-

82 450 153 469 cam
180 437 356 481 epistolam
393 446 426 470 et
457 438 635 471 Paschales
672 447 817 482 quatuor
849 436 1016 469 convertit
1040 435 1210 478 Hierony-

82 512 164 532 mus,
213 499 302 531 Vlll.
329 499 528 542 Quaeritur,
558 500 623 531 utri
657 499 749 543 prius
782 496 1102 541 Constantinopolin
1127 508 1207 540 pro-

82 559 160 591 l'eeti
183 560 249 592 sint
274 560 499 602 Origenistae‚
530 574 570 593 an
595 560 775 604 Theophili
809 559 918 601 legati.
966 560 1025 592 IX.
1053 556 1209 599 Origeni-

80 630 143 653 stas
167 621 307 662 benigue
333 622 503 666 excipiunt
527 623 674 655 Joannes
692 622 960 667 Chrysostomus,
985 629 1018 652 et
1041 618 1205 652 Eudoxia.

80 682 122 714 Χ.
147 683 321 727 Synodum
346 684 379 716 in
407 684 520 729 Cypro
538 685 696 716 adversus
712 683 918 724 origenistas
945 682 1034 724 cogit
1057 680 1207 725 Epipha-

79 743 162 776 nius.
209 744 268 777 Xl.
294 745 562 789 Theophilenses
594 745 693 786 legati
725 754 757 777 ct
784 745 993 787 Origenistae
1024 743 1116 788 apud
1141 742 1203 773 im-

78 815 270 848 peratorem
293 816 413 838 mutuo
441 820 474 839 se
496 816 661 839 accusant.
706 807 782 839 ΧΠ.
808 806 1016 850 Epiphanius
1042 805 1206 838 Constan-

79 867 250 912 tinopolin
267 868 420 912 appellit,
437 878 470 900 et
484 868 760 914 Chrysostomum
775 868 862 900 male
880 869 989 900 habet.
1032 866 1126 899 Xlll.
1145 866 1203 898 Al-

79 939 223 962 tereatur
247 942 324 961 curn
349 930 513 970 Eudoxia,
541 930 660 963 deinde
675 931 824 976 Cyprum
848 939 1003 974 repetens
1027 930 1097 961 fato
1124 940 1203 960 cou-

77 991 176 1024 cedit.
223 991 313 1024 XIV.
338 991 401 1023 Rei
425 1001 535 1033 gestae
559 1006 688 1024 summa
711 992 878 1036 repetitur
901 1006 939 1024 ex
957 991 1103 1036 Polybio
1118 998 1200 1022 teste

77 1052 224 1085 oculato.
269 1052 343 1085 XV.
379 1052 702 1098 Constantinopolin
735 1054 871 1086 advenit
903 1053 1131 1096 Theophilus,
1170 1058 1202 1082 et

78 1113 354 1147 conciliabulum
379 1114 467 1155 cogit
480 1115 522 1146 ad
539 1115 723 1157 Qut-rcum.
770 1116 863 1148 XVI.
888 1117 1073 1147 Accusatur
1097 1113 1201 1156 Chry-

78 1184 255 1207 sostomus.
310 1174 420 1207 XVII.
457 1178 620 1208 Actorum
660 1177 916 1223 Pseudosynodi
951 1177 993 1208 ad
1027 1175 1202 1217 Quercum

78 1236 209 1269 habitae
233 1235 315 1267 fides
340 1237 543 1280 exploratur.
590 1239 718 1270 XVllI.
752 1237 901 1270 Crimine
932 1238 1118 1269 liberantur
1141 1234 1199 1267 Ni—

76 1298 233 1337 trieuses,
269 1305 303 1330 et
333 1297 367 1329 in
402 1299 539 1339 gratiam
573 1312 648 1331 cum
679 1300 874 1343 Theophilo
906 1300 1058 1331 redeunt.
1104 1297 1198 1329 XIX.

75 1361 318 1393 Exauctoratur
342 1359 610 1405 Chrysostomus,
636 1370 668 1393 et
691 1361 725 1393 in
747 1361 863 1393 exsilio
887 1361 977 1393 diem
993 1360 1103 1392 multo
1123 1366 1200 1402 post

74 1422 157 1455 obit.
202 1421 282 1453 XX.
301 1421 342 1453 ‘In
357 1421 589 1467 Chrysostomi
603 1422 755 1455 defuncti
769 1436 893 1455 nomen
908 1431 1070 1465 grassatur
1086 1420 1199 1452 Theo-

74 1483 196 1528 philus,
220 1482 385 1514 renitente
410 1482 542 1515 Isidoro
567 1483 750 1519 Pelusiota.
797 1485 893 1517 XXI.
919 1484 1196 1530 Chrysostomum

72 1543 288 1589 prosequitur
311 1544 462 1576 laudibus
479 1545 647 1590 Synesius,
670 1546 804 1591 probris
820 1546 1055 1592 Hieronymus.
1088 1542 1196 1576 XXII.

74 1606 294 1648 Origenianos
336 1606 441 1638 libros
482 1606 609 1640 lectitat
646 1608 868 1653 Theophilus.
924 1608 1056 1642 XXIII.
1095 1605 1197 1639 Diem

73 1668 214 1700 claudit:
239 1667 390 1701 succedit
409 1668 568 1713 Cyrillus,
593 1679 627 1702 et
643 1671 800 1703 avunculi
818 1670 1010 1703 inimicitias
1023 1667 1196 1713 persequi-

72 1741 144 1771 tur,
176 1730 235 1762 sed
267 1730 307 1761 ab
339 1728 472 1761 Isidoro
504 1732 726 1774 reprehensus
757 1733 882 1764 sactum
906 1740 1021 1764 mutat.
1070 1728 1198 1764 Scribit

71 1794 228 1824 adversus
261 1790 444 1832 Origenem
475 1791 644 1825 Hammon
678 1794 1034 1838 Hadrianopolitanus.
1071 1791 1197 1826 XXIV.

71 1853 210 1886 ‚Ioannis
235 1852 546 1898 Hierosolymitani,
571 1864 603 1886 et
628 1855 827 1902 Hieronymi
853 1856 976 1889 obitus.
1023 1853 1115 1887 Male
1140 1866 1197 1885 au-

72 1915 123 1947 dit
152 1914 307 1956 Origenis
340 1915 495 1947 doctrina
525 1915 558 1948 in
595 1917 735 1949 Oriente
773 1926 807 1949 et
844 1917 1048 1951 Occidente:
1086 1916 1195 1948 XXV.

73 1977 160 2009 Suos
184 1986 295 2009 tamen
310 1977 457 2009 fautores
479 1977 577 2009 habet
589 1978 816 2019 Philoni-ium,
841 1980 1108 2017 Theodoretum,
1133 1977 1196 2010 So-

75 2047 214 2078 cratem,
237 2038 486 2078 sozomenum,
511 2039 709 2080 Sidonium,
734 2043 918 2074 Auctorem
942 2036 1195 2075 praedestinati,

492 2110 524 2133 et
547 2101 780 2147 Eutyehetem.

162 2158 186 2190 1.
211 2159 302 2192 Haec
321 2161 400 2193 dum
430 2162 464 2194 in
486 2162 675 2196 Occidente
699 2174 901 2206 gererentur,
926 2165 1026 2205 longe
1050 2159 1194 2204 graviori

74 2220 218 2252 tumultu
243 2220 390 2255 Orientis
415 2224 571 2257 ecclesias
597 2225 827 2267 Origenismus
861 2225 1039 2270 quatiebat.
1089 2220 1191 2262 Cuius

73 2281 292 2315 intermissam
337 2283 487 2318 vitandae
542 2287 731 2320 confusioni
774 2287 944 2320 historiam
990 2293 1189 2328 repetemus.
