1422 2472
383 107 697 140 Omossfflauonum
729 106 842 139 Lmen
869 105 913 138 11.
1190 105 1212 140 3

71 197 298 242 propinandO,
325 210 390 241 qua
417 210 480 241 per
503 197 668 243 synodum
695 209 734 228 cx
757 195 889 240 aliquot
906 195 1051 241 Aegypti
1077 195 1208 239 cpisco—

72 260 123 303 pis
147 272 164 291 a
189 272 222 291 se
248 260 427 291 conflatam
457 258 658 304 presbyterii
687 258 818 290 honore
851 258 940 289 hunc
970 257 1142 297 exuendo,
1174 266 1207 289 ct

71 322 113 353 ab
139 320 300 353 ccclesiae
325 320 567 353 communione
592 321 760 361 arcend03
785 333 861 352 cum
886 319 952 364 jam
967 332 1042 351 eum
1060 318 1207 351 docendi

73 395 210 414 munere
249 381 493 420 abdicandum,
535 391 567 414 et
599 380 802 414 Alexandria
833 380 1107 414 submovendum
1143 379 1207 412 alia

72 445 220 489 synodus
242 443 410 477 sanxisset.
458 443 543 475 Tam
574 443 666 484 gravi
698 452 810 475 autem
842 442 1019 475 hominum
1049 442 1207 483 flagrabat

73 505 211 544 invidia,
232 514 270 537 ut
292 505 501 551 synodorum
524 504 658 537 illarum
684 504 828 537 decretis
853 503 1058 537 consentiret
1073 503 1208 536 univer-

72 580 126 599 sus
142 566 243 606 orbis,
266 575 406 610 excepta
422 566 620 606 Palaestina,
647 566 778 605 Arabia,
800 564 996 604 Phoenicia,
1021 573 1054 597 et
1072 564 1205 598 Achaia.

72 627 228 661 Diximus
253 641 400 672 quoque,
426 637 686 660 consentancum
712 627 837 667 videri,
878 626 1019 659 vexandi
1051 625 1122 671 ejus
1147 639 1207 658 un—

72 691 251 735 ‹lequaque
276 702 403 722 caussas
429 699 646 734 quaerentem
678 689 914 728 Demetrium,
957 688 1136 733 opiniones
1161 689 1205 720 ob

72 752 257 784 novitatem
281 761 461 796 suspectas,
485 761 521 793 et
541 753 582 784 ab
601 751 762 784 ecclesiae
785 764 848 783 usu
870 751 995 783 alienas
1012 749 1206 789 traduxisse,

71 826 111 844 ac
135 813 274 846 forsitan
299 814 489 847 damnasse:
518 813 697 847 Demetrio
728 823 841 846 autem
871 811 1068 845 successisse
1101 812 1207 844 Hera-

72 874 171 915 clam,
195 875 359 908 Heraclae
382 875 586 921 Dionysium
613 875 754 916 Origeni
786 875 974 913 faventem,
1007 887 1070 906 nec
1095 873 1208 906 conci-

73 945 120 969 tas
154 945 266 969 tamen
297 938 454 970 adversus
486 937 668 979 Origenem
709 937 876 981 procellas
908 935 1078 969 Demetrii
1111 935 1208 968 obitu

74 998 174 1030 fuisse
200 999 413 1043 consopitas,
443 999 748 1041 ingravescentibus
779 999 966 1030 multorum
991 997 1096 1038 odiis,
1123 1010 1207 1041 quos

72 1060 190 1092 urebat
214 1060 319 1104 ipsius
343 1061 459 1102 gloria.
507 1061 672 1094 patebant
700 1061 880 1105 praecipue
913 1060 1036 1092 horum
1066 1058 1207 1091 insimu-

73 1121 255 1154 lationibus
280 1122 384 1166 ipsius
413 1123 538 1166 Opera,
564 1136 648 1166 quae
674 1123 727 1155 vel
753 1135 790 1154 ex
815 1132 972 1166 tempore
996 1121 1151 1159 recitata,
1174 1130 1204 1152 et

74 1196 112 1214 rx
138 1196 196 1215 ore
222 1184 453 1216 concionantis
477 1193 633 1228 excepta,
663 1197 701 1216 ac
731 1183 876 1228 proinde
900 1196 969 1215 non
993 1182 1072 1214 satis
1097 1181 1208 1226 pensi-

75 1245 185 1277 culate
210 1245 417 1289 composita3
442 1246 495 1277 vel
512 1246 554 1278 ad
572 1245 814 1278 instituendum
830 1253 961 1277 secreto
977 1243 1206 1282 Ambrosium,

73 1319 142 1338 non
167 1306 201 1339 in
225 1306 397 1350 publicam
422 1307 533 1339 lucem
558 1307 744 1345 lucubrata,
770 1316 804 1338 et
827 1316 961 1350 practer
980 1305 1135 1346 Origenis
1159 1314 1207 1337 ta-

74 1381 150 1400 men
177 1368 355 1400 consilium
391 1369 432 1400 ab
462 1368 643 1400 Ambrosio
675 1368 865 1412 publicata;
896 1367 950 1399 vel
979 1367 1206 1399 immoderato

73 1429 199 1471 ingenii
222 1429 420 1462 luxuriantis
454 1430 565 1462 calore
599 1431 754 1474 profusa,
791 1429 1040 1462 malevolorum
1073 1428 1207 1470 castiga-

72 1491 221 1524 tionibus
245 1491 392 1524 obnoxia
416 1502 527 1533 erant3
552 1506 627 1525 cum
652 1492 848 1536 praesertim
884 1491 1079 1523 adulteratis
1104 1490 1208 1535 ipsius

74 1553 243 1597 Operibus
267 1567 345 1585 suos
369 1554 468 1586 ctiam
496 1567 625 1586 errores
651 1554 822 1586 Haeretici
846 1553 1072 1592 inseruissent,
1097 1562 1134 1584 ut
1159 1552 1208 1584 di-

73 1615 190 1647 ximus.
238 1615 306 1648 Sed
331 1628 392 1647 nec
417 1615 516 1647 sacile
543 1615 633 1648 dictu
660 1625 726 1655 est,
757 1614 921 1660 majorine
948 1615 978 1646 ei
1003 1614 1129 1646 suerint
1151 1614 1207 1645 ‹le-

75 1676 235 1708 trimento
263 1677 449 1710 calumniae
474 1678 681 1719 invidorum,
707 1691 746 1710 an
764 1677 914 1709 infinitae
934 1676 1120 1708 amicorum
1140 1676 1208 1708 lau-

74 1739 131 1770 des
157 1747 189 1770 ct
213 1738 404 1782 praeconia,
430 1740 551 1784 quibus
571 1740 840 1772 adversm-iorum
857 1738 1096 1770 malevolentia
1113 1750 1209 1769 acuc-

73 1801 179 1832 batur.
230 1801 370 1833 »Nonne
406 1802 511 1841 tibi,«
544 1801 655 1846 inquit
686 1802 848 1843 Origenes
878 1799 1008 1833 Homit.
1040 1800 1149 1832 XXV.
1176 1799 1208 1831 in

73 1862 152 1894 Luc.
180 1874 317 1895 »omnes
344 1863 500 1895 videntur
524 1865 598 1908 plus
623 1876 748 1895 amasse
775 1876 874 1907 quam
900 1861 1045 1906 expedit,
1071 1871 1104 1893 et
1129 1861 1208 1893 dum

74 1923 233 1955 virtutem
270 1924 531 1970 uniuscujusque
569 1926 750 1964 mirantur,
793 1922 984 1956 dilectionis
1020 1922 1208 1967 perdidisse

75 1985 286 2018 mensuram?
332 1985 438 2029 Quod
464 1986 601 2031 quidem
627 1987 660 2019 in
687 1986 828 2018 ccclesia
859 1984 1024 2029 patimur3
1055 1984 1208 2029 pleriqus

77 2046 163 2078 enim
189 2047 268 2079 dum
293 2048 369 2092 plus
394 2047 540 2091 diligunt
566 2062 664 2093 quam
690 2061 882 2086 meremur,
907 2047 988 2078 hacc
1014 2046 1153 2091 jactant,
1179 2055 1211 2078 ct

79 2107 271 2151 loquuntur,
295 2123 467 2142 sermones
488 2120 622 2143 nostros
641 2111 899 2155 doctrinamque
918 2109 1103 2148 laudantes,
1127 2120 1209 2151 quae

78 2170 282 2203 conscientia
304 2180 418 2204 nostra
442 2184 510 2204 non
536 2172 666 2217 recipit.
715 2172 783 2206 Alii
800 2185 879 2204 vero
898 2179 1057 2204 tractatus
1078 2177 1211 2200 nostros

79 2230 316 2264 calumniantes
349 2246 386 2265 ca
417 2233 539 2266 sentire
571 2247 631 2266 nos
664 2234 901 2273 criminantur,
933 2243 1016 2275 quae
1042 2241 1212 2273 nunquam

79 2291 216 2323 snus-isse
240 2306 300 2325 nos
324 2294 508 2328 novimus.«
569 2296 755 2328 Calunmiis
788 2296 899 2338 itaque
933 2291 1102 2336 appetitus
1135 2289 1214 2323 Ori-

894 2353 950 2388 1÷s
