1413 2482
197 86 264 121 314
545 86 578 120 S.
603 86 781 119 vamu
808 84 996 120 MARTYms

198 177 272 217 tiis,
310 186 410 221 atquc
444 175 687 220 impudicitiis,
724 184 758 208 ct
787 175 963 209 idolorum
996 175 1140 210 cultibus
1171 176 1326 210 maculati

197 248 284 279 sunt,
308 250 447 280 regnum
471 238 539 273 nei
562 250 631 270 non
655 237 891 282 possidebunt,
913 238 960 271 ita
985 247 1018 271 et
1042 238 1088 278 hi,
1112 237 1170 283 qui
1192 237 1226 271 in
1250 238 1328 272 hac-

195 301 284 334 resin
319 299 571 334 declinaverint.
631 290 750 344 Neque
786 299 876 333 enim
911 301 1100 345 putandum
1139 309 1205 342 est,
1244 299 1328 334 tanti

198 361 355 407 Apostoli
378 371 447 394 tam
470 361 659 394 absolutam
683 363 882 395 sententiam
907 375 1007 407 posse
1030 362 1104 395 ullo
1129 374 1250 406 genere
1273 375 1328 395 va-

198 424 325 459 cillare.
371 423 557 468 Apostolus
583 422 673 455 enim
699 433 748 456 est
772 424 926 456 omnium
951 424 1170 458 ecclesiarum
1195 423 1329 464 Christi,

196 499 265 519 non
280 486 312 530 ¹)
337 486 378 518 ab
402 485 558 525 homine,
594 498 703 530 neque
727 499 789 530 per
813 486 1004 527 hominem,
1044 487 1104 519 sed
1128 499 1185 532 pex
1212 487 1329 520 Jesum

199 548 388 588 Christum,
413 557 447 580 et
469 547 583 580 Deum
608 547 744 580 Pau-em
771 549 908 582 electus.
954 548 1141 593 Propterea
1165 561 1256 591 ergo,
1279 560 1330 581 se-

196 611 345 644 cundum
368 609 605 643 auctoritatem
628 610 813 644 sententiae
837 611 963 656 ipsius,
996 620 1136 656 oportet
1157 623 1220 644 nos
1243 609 1330 643 sicut

195 673 328 718 reliqua
351 672 451 714 mala,
475 684 560 716 quae
583 672 839 718 numeravit‚²)
867 673 912 706 ita
936 672 1037 706 etiam
1063 685 1188 705 nomen
1212 672 1330 705 haere-

195 736 239 770 sis
264 735 432 774 devitare,
463 746 574 778 neque
611 747 687 767 cum
719 734 843 775 talibus
876 735 1039 768 orationis
1067 734 1228 768 societate
1263 733 1327 766 mi-

192 797 311 831 sceri.«

285 857 567 892 PAMPHILUS.
613 858 659 891 Et
682 867 762 904 post
784 859 878 903 haec,
902 858 1019 904 paucis
1043 858 1244 904 quibusdam
1266 870 1328 903 per

195 920 346 954 medium
370 920 513 960 insertis,
537 919 672 965 adjecit.

285 980 532 1016 ORIGENES.
593 981 715 1025 »Quid
727 982 761 1027 ³)
793 995 874 1015 vero
908 983 951 1016 sit
986 982 1171 1016 haereticus
1209 983 1327 1022 homo,

195 1058 260 1091 pro
286 1044 411 1077 viribus
434 1043 577 1083 nostris,
608 1044 794 1076 secundum
827 1044 920 1089 quod
943 1044 1067 1077 sentire
1090 1043 1326 1090 possumus,⁴)

194 1107 433 1141 describamus.
481 1105 601 1139 Omnis
633 1105 691 1150 qui
723 1105 857 1139 Christo
894 1119 930 1139 se
968 1107 1106 1139 credere
1137 1106 1328 1147 confitetur,

155 1180 162 1187 ’
196 1179 230 1203 et
253 1179 364 1203 tamen
389 1167 494 1200 alium
517 1168 630 1200 Deum
658 1167 740 1210 legis
766 1176 799 1200 et
815 1168 1070 1213 prophetarum,
1093 1168 1198 1201 alium
1215 1169 1326 1202 Evan-

194 1231 362 1275 geliorum
385 1231 500 1263 Deum
525 1229 619 1270 dicit,
643 1239 677 1262 ct
697 1229 831 1262 Patrem
847 1229 990 1262 Domini
1013 1230 1120 1263 nostri
1133 1231 1215 1264 Jesu
1232 1231 1327 1265 Chri-

195 1294 238 1328 sti
261 1307 330 1326 non
356 1306 433 1326 eum
457 1291 540 1325 dicit
567 1304 649 1332 esse,
675 1292 733 1337 qui
756 1305 775 1324 a
798 1292 872 1334 lege
897 1301 930 1324 et
953 1292 1130 1338 prophetis
1154 1293 1326 1338 praedica-

194 1367 268 1397 tur,
303 1356 363 1389 sed
398 1354 521 1394 alium,
557 1353 670 1387 nescio
710 1367 829 1398 quem,
865 1353 1018 1396 ignotum
1044 1355 1201 1389 omnibus
1225 1366 1325 1401 atque

196 1418 352 1452 omnibus
376 1416 588 1457 inauditum,
619 1415 813 1461 hujusmodi
844 1416 999 1449 homines
1029 1417 1214 1451 haereticos
1239 1418 1326 1451 desi-

195 1493 343 1524 gnamus,
368 1478 553 1525 quamlibet
577 1465 676 1510 variis
699 1491 738 1510 ac
763 1476 902 1510 diversis
937 1488 971 1511 et
1002 1479 1163 1512 fabulosis
1188 1481 1324 1513 concin-

194 1552 276 1576 nent
298 1542 359 1575 ista
381 1540 559 1583 figmentis,
584 1540 670 1573 sicut
699 1540 926 1585 sectatore55)
962 1541 1164 1583 Marcionis,
1196 1551 1230 1575 et
1259 1543 1325 1576 Va-

194 1604 333 1645 lentini,
358 1613 392 1637 et
413 1601 588 1641 Basilidis,
614 1610 648 1634 ct
670 1601 721 1642 hi,
747 1600 806 1646 qui
829 1615 864 1635 se
888 1602 1115 1649 'l‘ethianos⁶)
1139 1604 1322 1649 appellant.

195 1668 264 1701 Sed
290 1676 323 1699 et
347 1665 485 1710 Apelles
509 1664 590 1697 licet
611 1676 680 1697 non
705 1663 862 1697 omnibus
891 1664 1002 1698 modis
1025 1664 1094 1698 Dei
1125 1678 1195 1698 esse
1220 1666 1322 1700 dene-

288 1824 319 1868 Ι)
346 1823 421 1856 Gal.
447 1823 474 1860 1,
500 1822 529 1856 1.

287 1880 322 1923 ²)
348 1879 405 1912 Sic
432 1879 510 1910 Mss.
558 1876 649 1909 Editi
683 1890 762 1909 vero
796 1877 840 1921 (e.
867 1890 895 1909 c.
922 1876 997 1908 edd.
1024 1876 1089 1922 M.)
1114 1890 1318 1912 numerave-

194 1933 263 1969 rat,
287 1927 340 1959 ita
362 1935 480 1958 nomen
505 1924 655 1956 haeresis
681 1931 742 1954 etc.
768 1922 807 1955 R.

285 1982 320 2025 ³)
344 1980 506 2013 Desumta
530 1987 606 2010 sunt
630 1978 709 2011 hacc
734 1978 834 2009 verba
859 1990 897 2010 cx
923 1978 1150 2013 commentar.
1167 1979 1259 2022 Orig.
1285 1982 1317 2014 iu

195 2043 247 2073 cp.
272 2027 314 2060 ad
338 2025 464 2059 Titum.
491 2024 560 2057 Csr.
587 2024 638 2055 cd.
664 2032 768 2055 nostr.
793 2022 894 2055 Tom.
918 2024 958 2056 V.
983 2036 1055 2067 pag.
1080 2024 1156 2060 284.
1179 2038 1272 2071 seqq,

289 2084 322 2128 ⁴¹)
349 2082 405 2116 Sic
429 2081 508 2114 Mss.
534 2079 627 2112 Editi
653 2092 730 2111 vero
758 2080 804 2123 (v.
831 2093 857 2111 c.
884 2080 958 2112 edd.
974 2080 1040 2125 M.)
1060 2082 1237 2125 possimus,
1263 2084 1318 2115 de-

195 2130 393 2164 scribamus.
443 2127 559 2160 Omnis
584 2126 643 2169 qui
666 2138 700 2158 sc
726 2126 860 2158 Christo
883 2127 1020 2159 credere
1038 2128 1228 2171 profitetur.
1253 2128 1292 2161 R.

289 2185 321 2229 ⁵)
347 2184 427 2217 Mss.
452 2181 558 2214 nostri
582 2181 742 2213 omittunt
764 2178 955 2216 sociaturos.
980 2183 1020 2217 R.

287 2241 321 2285 ⁶)
346 2239 404 2273 Sic
426 2247 517 2270 recte
540 2238 621 2270 Mss.
670 2238 832 2272 Merlinus
857 2252 955 2272 vero:
979 2239 1182 2282 Emittam-53
1206 2239 1315 2274 Gene-

194 2288 351 2321 bran-dus:
375 2284 614 2329 Eutychianos.
641 2283 679 2316 R.
