1422 2472
351 70 664 103 Omermauonum
689 68 801 102 Lnnm
823 69 883 104 111.
1122 71 1184 106 195

54 159 233 202 assignans,
265 158 298 191 in
324 158 375 192 his
406 158 553 195 tertium.
602 159 673 192 Hos
703 159 737 192 in
767 160 920 192 fraudem
952 159 1086 192 videtur
1109 160 1184 193 ille-

53 222 136 255 xisse
169 221 398 265 philoponus,
435 220 492 264 qui
528 220 562 253 in
596 220 684 253 libro
715 222 802 266 περὶ
836 222 1077 267 κοσμοποιῗας
1107 223 1183 256 loca

51 283 137 316 sacri
161 291 335 315 contextus
357 295 395 314 ex
420 281 470 314 his
495 291 639 326 quatuor
669 282 1003 327 interpretationibus
1027 284 1182 324 afferens,

51 345 168 390 priore
192 345 271 377 loco
287 343 369 382 τοὺς
392 342 642 387 ἑβδομήκοντα
661 344 829 385 collocat3
852 344 902 377 his
927 345 1065 391 subjicit
1080 346 1183 391 Aqui-

52 407 136 447 lam,
169 406 249 439 huic
280 404 574 445 Theodotionem,
607 405 658 438 illi
690 406 940 452 Symmachum.
986 408 1058 440 Nec
1093 409 1183 441 enim

51 468 213 513 Tetrapla
236 477 485 512 repraesentare
509 466 724 511 Philoponus
748 468 912 509 instituit;
937 469 995 501 sed
1018 469 1053 501 in
1078 469 1183 502 inter-

50 529 297 575 pretationibus
334 528 551 573 disponendis
580 529 806 573 interpretum
841 538 985 563 aetatem
1020 531 1182 576 respexit:

53 604 129 624 eum
162 590 288 623 clarum
319 590 363 624 sit
395 590 593 635 ceteroquin
618 603 656 623 ex
682 590 941 636 Epiphanio,¹)
974 600 1182 635 postremam

51 653 243 686 columnam
286 652 469 685 obtinuisse
505 652 780 685 Theodotionem
823 661 893 684 tam
929 651 965 684 in
1002 652 1183 698 Tetraplis‚

51 727 151 760 qnam
173 714 209 747 in
223 714 393 758 Hexaplis,
416 714 599 746 secundam
616 713 868 759 Symmachum,
893 723 993 759 atque
1016 715 1078 747 hos
1094 714 1183 748 inter

48 775 181 810 medios
206 776 426 820 Septuaginta
448 775 630 808 incessisse.
684 777 876 821 Τετραπλᾶ
907 774 979 821 γάρ
1011 780 1097 820 εἶσι,
1131 777 1183 810 iu-

50 838 133 883 quit,
156 837 199 872 τὰ
221 836 424 881 Ἑλληνικὰ,
452 835 540 872 ὅταν
564 839 603 871 αἱ
625 839 688 872 τοῦ
711 837 851 880 Ἀκύλα,
879 840 941 872 καὶ
961 837 1182 884 Συμμάχου,

49 903 112 934 καὶ
149 902 222 935 τῶν
249 898 524 944 Ἑβδομήκοντα
560 898 649 942 δύο,
689 901 751 933 καὶ
786 899 1032 938 Θεοᾶοτίωνος
1066 901 1176 944 ἑρμη-

50 965 142 996 νεῖαι
166 965 451 1006 συντεταγμέναι
475 955 553 995 ὦσι.
601 961 695 994 Tum
717 961 821 1001 addit,
846 962 876 994 siv
897 962 1003 1006 Dipla
1015 963 1185 996 Hebraica,

49 1023 290 1068 praefigantur,
322 1022 460 1055 conflari
493 1023 654 1066 Hexapla.
701 1023 769 1054 Pro
804 1022 1087 1066 Origeuianorum
1113 1024 1180 1056 Te-

49 1085 236 1128 traplorum
261 1083 445 1127 specimine
470 1083 585 1115 haberi
608 1096 677 1115 non
709 1096 808 1127 posse
841 1084 917 1116 loca
940 1084 998 1116 illa
1022 1098 1040 1117 a
1063 1086 1183 1118 Philo-

50 1158 142 1190 pono
168 1158 185 1177 e
211 1154 356 1189 quatuor
380 1144 518 1177 Graecis
542 1143 878 1188 interpretationibus
903 1145 1067 1185 detracta,
1101 1160 1181 1190 pro—

51 1208 122 1240 bari
147 1219 283 1251 quoque
314 1215 428 1250 potest
459 1219 498 1238 ex
522 1205 722 1246 philastrio,
756 1205 812 1250 qui
837 1206 936 1239 Haer.
963 1207 1036 1241 137.
1065 1209 1180 1241 asserit

50 1268 192 1313 Aquilae
217 1269 453 1300 conversiones
482 1267 517 1299 in
547 1267 662 1300 medio
693 1267 857 1299 librorum
881 1281 1053 1313 nunquam
1078 1271 1179 1303 fuisse

48 1330 194 1376 positas,
229 1330 289 1362 sed
324 1329 476 1369 dextrae,
514 1329 695 1373 laevaeque
726 1328 881 1370 assignari
916 1330 1031 1362 solitas
1067 1331 1179 1366 fuisse.

48 1392 192 1437 Aquilae
215 1390 447 1435 interpretatio
477 1390 513 1422 in
536 1390 707 1434 Tetraplis
730 1391 845 1434 priore
869 1390 948 1423 loco
973 1394 1180 1435 ponebatur;

49 1454 107 1499 qui
131 1454 226 1486 loeus
252 1453 384 1485 diverso
418 1461 574 1496 respectu
599 1452 652 1484 vel
679 1453 796 1485 dexter
827 1462 915 1491 erat,
946 1453 999 1484 vel
1030 1454 1177 1488 sinister:

48 1516 231 1558 legentium
254 1523 410 1559 respectu
435 1513 570 1546 sinister
594 1523 686 1553 erat,
710 1514 826 1546 dexter
850 1514 928 1546 libri
951 1514 1065 1559 ipsius.
1117 1516 1179 1549 lta-

49 1590 114 1623 que
137 1577 196 1610 alii
221 1578 339 1610 dextro
370 1576 450 1608 loco
475 1575 576 1608 situm
602 1587 691 1614 esse,
722 1575 780 1607 alii
806 1574 941 1607 sinistro
966 1576 1177 1620 scripserant.

49 1639 90 1671 ld
111 1651 188 1671 cum
220 1638 352 1680 legisset
376 1636 592 1677 Philastrius‚
625 1636 843 1676 existimavit,
874 1637 1034 1681 Aquilam
1058 1637 1093 1671 in
1117 1639 1178 1672 ali·-

49 1700 168 1744 quibus
184 1699 424 1744 Tetraplorum
451 1698 696 1742 exemplaribus
714 1698 869 1731 dextrum
890 1699 1034 1732 tenuisse
1051 1700 1178 1742 locum,

48 1760 83 1793 in
106 1761 180 1794 aliis
203 1761 392 1801 sinistrum3
423 1760 483 1792 sed
515 1760 739 1793 hallucinatus
766 1769 833 1800 est,
864 1773 940 1793 nam
963 1773 1098 1807 semper
1120 1776 1178 1796 co-

50 1823 184 1855 lumnae
219 1823 298 1855 huic
333 1823 512 1866 deputatus
547 1831 615 1863 est,
653 1834 736 1867 quae
771 1822 812 1854 ad
843 1822 1010 1856 lectorum
1047 1824 1175 1858 laevam

51 1883 217 1916 collocata
239 1892 321 1919 erat.
365 1883 413 1916 Ut
436 1892 474 1916 ut
497 1892 556 1924 est,
581 1892 671 1916 certe
695 1883 729 1915 in
753 1882 1055 1929 mediovuunquam
1072 1886 1174 1919 fuisse

52 1953 194 1977 constat:
217 1944 335 1978 fuisset
358 1954 489 1985 autem,
513 1945 544 1978 si
564 1945 715 1989 priorem
740 1944 931 1977 columnam
956 1958 1176 1992 occupassent

50 2005 258 2049 septuaginta
281 2006 491 2051 interpretes,
509 2007 630 2052 Aquila
652 2006 845 2040 secundam.
877 2006 1061 2041 Refellitur
1075 2010 1174 2042 etiam

52 2079 89 2098 ex
113 2079 213 2111 supra
247 2067 345 2100 dictis
369 2068 569 2109 Salmasius,
604 2068 661 2113 qui
688 2069 768 2100 haec
793 2067 908 2101 scribit
932 2069 968 2101 in
993 2070 1176 2103 Commen-

49 2126 137 2158 tario
161 2126 203 2158 de
227 2126 462 2162 Hellenistica:
489 2130 577 2163 »Sed
603 2142 764 2174 nusquam
790 2130 1016 2177 Hieronymus
1041 2131 1176 2177 quinme

146 2250 178 2293 ¹)
206 2248 277 2281 Csr.
301 2249 465 2294 Epiphan.
492 2252 567 2285 libr.
594 2253 634 2285 de
661 2253 765 2296 pond.
792 2265 864 2296 cap.
893 2253 942 2287 19.

842 2313 914 2348 13ΘΕ
