<?xml version="1.0" encoding="UTF-8"?>
<!DOCTYPE html PUBLIC "-//W3C//DTD XHTML 1.0 Transitional//EN"
    "http://www.w3.org/TR/xhtml1/DTD/xhtml1-transitional.dtd">
<html xmlns="http://www.w3.org/1999/xhtml" xml:lang="en" lang="en">
 <head>
  <title>
</title>
<meta http-equiv="Content-Type" content="text/html;charset=utf-8" />
  <meta name='ocr-system' content='tesseract 3.04.00' />
  <meta name='ocr-capabilities' content='ocr_page ocr_carea ocr_par ocr_line ocrx_word'/>
</head>
<body>
  <div class='ocr_page' id='page_1' title='image "./operaomniaquaegr24orig/operaomniaquaegr24orig_0347.png"; bbox 0 0 1422 2472; ppageno 0'>
   <div class='ocr_carea' id='block_1_1' title="bbox 396 67 1204 102">
    <p class='ocr_par' dir='ltr' id='par_1_1' title="bbox 396 67 1204 102">
     <span class='ocr_line' id='line_1_1' title="bbox 396 67 1204 102; baseline 0.001 -2"><span class='ocrx_word' id='word_1_1' title='bbox 396 71 581 102; x_wconf 72' lang='lat' dir='ltr'>Aromcm</span> <span class='ocrx_word' id='word_1_2' title='bbox 605 78 674 101; x_wconf 80' lang='lat' dir='ltr'>PRO</span> <span class='ocrx_word' id='word_1_3' title='bbox 700 70 876 102; x_wconf 62' lang='lat' dir='ltr'>Omni-:wa</span> <span class='ocrx_word' id='word_1_4' title='bbox 1139 67 1204 101; x_wconf 77' lang='lat'>329</span> 
     </span>
    </p>
   </div>
   <div class='ocr_carea' id='block_1_2' title="bbox 83 156 1207 1066">
    <p class='ocr_par' dir='ltr' id='par_1_2' title="bbox 83 156 1207 513">
     <span class='ocr_line' id='line_1_2' title="bbox 177 156 1207 203; baseline -0.002 -13"><span class='ocrx_word' id='word_1_5' title='bbox 177 156 421 192; x_wconf 85' lang='lat' dir='ltr'>ORlGENES.</span> <span class='ocrx_word' id='word_1_6' title='bbox 470 158 601 202; x_wconf 79' lang='lat' dir='ltr'>»Quod</span> <span class='ocrx_word' id='word_1_7' title='bbox 619 159 650 202; x_wconf 91' lang='lat'>¹)</span> <span class='ocrx_word' id='word_1_8' title='bbox 689 158 947 203; x_wconf 79' lang='lat' dir='ltr'>promiserat,²)</span> <span class='ocrx_word' id='word_1_9' title='bbox 983 156 1107 201; x_wconf 81' lang='lat' dir='ltr'>inquit,</span> <span class='ocrx_word' id='word_1_10' title='bbox 1146 169 1207 200; x_wconf 84' lang='lat' dir='ltr'>per</span> 
     </span>
     <span class='ocr_line' id='line_1_3' title="bbox 86 217 1206 266; baseline -0.001 -17"><span class='ocrx_word' id='word_1_11' title='bbox 86 217 266 261; x_wconf 80' lang='lat' dir='ltr'>prophetas</span> <span class='ocrx_word' id='word_1_12' title='bbox 289 233 365 253; x_wconf 80' lang='lat' dir='ltr'>suos</span> <span class='ocrx_word' id='word_1_13' title='bbox 400 221 433 253; x_wconf 87' lang='lat' dir='ltr'>in</span> <span class='ocrx_word' id='word_1_14' title='bbox 465 221 644 266; x_wconf 78' lang='lat' dir='ltr'>scripturis</span> <span class='ocrx_word' id='word_1_15' title='bbox 677 220 795 253; x_wconf 81' lang='lat' dir='ltr'>sanctis</span> <span class='ocrx_word' id='word_1_16' title='bbox 819 221 860 253; x_wconf 84' lang='lat' dir='ltr'>de</span> <span class='ocrx_word' id='word_1_17' title='bbox 884 218 975 253; x_wconf 83' lang='lat' dir='ltr'>Filio</span> <span class='ocrx_word' id='word_1_18' title='bbox 999 231 1078 259; x_wconf 73' lang='lat' dir='ltr'>suo,</span> <span class='ocrx_word' id='word_1_19' title='bbox 1104 217 1206 262; x_wconf 65' lang='lat' dir='ltr'>quiss)</span> 
     </span>
     <span class='ocr_line' id='line_1_4' title="bbox 86 281 1205 315; baseline 0.002 -5"><span class='ocrx_word' id='word_1_20' title='bbox 86 281 268 314; x_wconf 76' lang='lat' dir='ltr'>secundum</span> <span class='ocrx_word' id='word_1_21' title='bbox 302 295 433 315; x_wconf 77' lang='lat' dir='ltr'>carnem</span> <span class='ocrx_word' id='word_1_22' title='bbox 464 283 569 315; x_wconf 81' lang='lat' dir='ltr'>sactus</span> <span class='ocrx_word' id='word_1_23' title='bbox 601 292 649 315; x_wconf 84' lang='lat' dir='ltr'>est</span> <span class='ocrx_word' id='word_1_24' title='bbox 682 295 719 314; x_wconf 85' lang='lat' dir='ltr'>ex</span> <span class='ocrx_word' id='word_1_25' title='bbox 750 282 875 314; x_wconf 87' lang='lat' dir='ltr'>semine</span> <span class='ocrx_word' id='word_1_26' title='bbox 905 281 1028 314; x_wconf 83' lang='lat' dir='ltr'>David.</span> <span class='ocrx_word' id='word_1_27' title='bbox 1083 281 1205 313; x_wconf 66' lang='lat' dir='ltr'>Facu-s</span> 
     </span>
     <span class='ocr_line' id='line_1_5' title="bbox 87 342 1202 386; baseline 0.001 -14"><span class='ocrx_word' id='word_1_28' title='bbox 87 343 251 386; x_wconf 82' lang='lat' dir='ltr'>estquod</span> <span class='ocrx_word' id='word_1_29' title='bbox 281 353 358 376; x_wconf 80' lang='lat' dir='ltr'>ante</span> <span class='ocrx_word' id='word_1_30' title='bbox 390 357 456 376; x_wconf 92' lang='lat' dir='ltr'>non</span> <span class='ocrx_word' id='word_1_31' title='bbox 489 354 566 377; x_wconf 81' lang='lat' dir='ltr'>erat.</span> <span class='ocrx_word' id='word_1_32' title='bbox 613 344 829 377; x_wconf 72' lang='lat' dir='ltr'>Manifestum</span> <span class='ocrx_word' id='word_1_33' title='bbox 862 353 909 376; x_wconf 84' lang='lat' dir='ltr'>est</span> <span class='ocrx_word' id='word_1_34' title='bbox 924 344 956 386; x_wconf 55' lang='grc' dir='ltr'>ὃ)</span> <span class='ocrx_word' id='word_1_35' title='bbox 987 342 1096 381; x_wconf 87' lang='lat' dir='ltr'>enim,</span> <span class='ocrx_word' id='word_1_36' title='bbox 1128 343 1202 386; x_wconf 75' lang='lat' dir='ltr'>quia</span> 
     </span>
     <span class='ocr_line' id='line_1_6' title="bbox 83 404 1205 451; baseline 0.001 -17"><span class='ocrx_word' id='word_1_37' title='bbox 83 404 266 436; x_wconf 88' lang='lat' dir='ltr'>secundum</span> <span class='ocrx_word' id='word_1_38' title='bbox 291 418 422 438; x_wconf 77' lang='lat' dir='ltr'>carnem</span> <span class='ocrx_word' id='word_1_39' title='bbox 446 419 513 438; x_wconf 92' lang='lat' dir='ltr'>non</span> <span class='ocrx_word' id='word_1_40' title='bbox 538 416 606 439; x_wconf 82' lang='lat' dir='ltr'>erat</span> <span class='ocrx_word' id='word_1_41' title='bbox 618 405 726 451; x_wconf 87' lang='lat' dir='ltr'>prius:</span> <span class='ocrx_word' id='word_1_42' title='bbox 749 406 931 437; x_wconf 88' lang='lat' dir='ltr'>secundum</span> <span class='ocrx_word' id='word_1_43' title='bbox 948 404 1101 449; x_wconf 83' lang='lat' dir='ltr'>spiritum</span> <span class='ocrx_word' id='word_1_44' title='bbox 1126 417 1205 435; x_wconf 76' lang='lat' dir='ltr'>veru</span> 
     </span>
     <span class='ocr_line' id='line_1_7' title="bbox 85 469 880 513; baseline 0.006 -17"><span class='ocrx_word' id='word_1_45' title='bbox 85 474 155 497; x_wconf 77' lang='lat' dir='ltr'>erat</span> <span class='ocrx_word' id='word_1_46' title='bbox 178 475 265 505; x_wconf 77' lang='lat' dir='ltr'>ante,</span> <span class='ocrx_word' id='word_1_47' title='bbox 290 476 322 499; x_wconf 86' lang='lat' dir='ltr'>et</span> <span class='ocrx_word' id='word_1_48' title='bbox 346 481 412 500; x_wconf 91' lang='lat' dir='ltr'>non</span> <span class='ocrx_word' id='word_1_49' title='bbox 438 478 506 500; x_wconf 81' lang='lat' dir='ltr'>erat</span> <span class='ocrx_word' id='word_1_50' title='bbox 530 469 663 513; x_wconf 78' lang='lat' dir='ltr'>quando</span> <span class='ocrx_word' id='word_1_51' title='bbox 687 480 755 500; x_wconf 86' lang='lat' dir='ltr'>non</span> <span class='ocrx_word' id='word_1_52' title='bbox 782 477 880 501; x_wconf 79' lang='lat' dir='ltr'>e1·at.«</span> 
     </span>
    </p>

    <p class='ocr_par' dir='ltr' id='par_1_3' title="bbox 86 526 1204 632">
     <span class='ocr_line' id='line_1_8' title="bbox 172 526 1204 573; baseline 0.002 -15"><span class='ocrx_word' id='word_1_53' title='bbox 172 526 448 562; x_wconf 77' lang='lat' dir='ltr'><strong>PAMPHILUS.</strong></span> <span class='ocrx_word' id='word_1_54' title='bbox 504 530 590 562; x_wconf 83' lang='lat' dir='ltr'>Item</span> <span class='ocrx_word' id='word_1_55' title='bbox 626 529 659 561; x_wconf 84' lang='lat' dir='ltr'>in</span> <span class='ocrx_word' id='word_1_56' title='bbox 695 529 783 561; x_wconf 85' lang='lat' dir='ltr'>libro</span> <span class='ocrx_word' id='word_1_57' title='bbox 814 529 925 573; x_wconf 88' lang='lat' dir='ltr'>primo</span> <span class='ocrx_word' id='word_1_58' title='bbox 957 530 1040 572; x_wconf 70' lang='grc' dir='ltr'>περὶ</span> <span class='ocrx_word' id='word_1_59' title='bbox 1063 527 1204 573; x_wconf 53' lang='grc' dir='ltr'>νἀρχῶν.</span> 
     </span>
     <span class='ocr_line' id='line_1_9' title="bbox 86 585 1063 632; baseline 0.003 -14"><span class='ocrx_word' id='word_1_60' title='bbox 86 585 190 629; x_wconf 86' lang='lat' dir='ltr'>Quod</span> <span class='ocrx_word' id='word_1_61' title='bbox 215 598 304 620; x_wconf 78' lang='lat' dir='ltr'>extra</span> <span class='ocrx_word' id='word_1_62' title='bbox 327 590 434 622; x_wconf 89' lang='lat' dir='ltr'>ullum</span> <span class='ocrx_word' id='word_1_63' title='bbox 458 590 589 623; x_wconf 86' lang='lat' dir='ltr'>initium</span> <span class='ocrx_word' id='word_1_64' title='bbox 614 600 663 624; x_wconf 84' lang='lat' dir='ltr'>est</span> <span class='ocrx_word' id='word_1_65' title='bbox 686 590 855 632; x_wconf 77' lang='lat' dir='ltr'>generatio</span> <span class='ocrx_word' id='word_1_66' title='bbox 878 589 962 622; x_wconf 86' lang='lat' dir='ltr'>Filii</span> <span class='ocrx_word' id='word_1_67' title='bbox 985 588 1063 621; x_wconf 81' lang='lat' dir='ltr'>Dei.</span> 
     </span>
    </p>

    <p class='ocr_par' dir='ltr' id='par_1_4' title="bbox 83 649 1206 1066">
     <span class='ocr_line' id='line_1_10' title="bbox 174 649 1206 695; baseline 0 -13"><span class='ocrx_word' id='word_1_68' title='bbox 174 649 418 684; x_wconf 74' lang='lat' dir='ltr'>ORIGENES.</span> <span class='ocrx_word' id='word_1_69' title='bbox 468 652 570 695; x_wconf 80' lang='lat' dir='ltr'>»Si⁵)</span> <span class='ocrx_word' id='word_1_70' title='bbox 602 665 679 694; x_wconf 84' lang='lat' dir='ltr'>ergo</span> <span class='ocrx_word' id='word_1_71' title='bbox 710 653 814 684; x_wconf 85' lang='lat' dir='ltr'>semel</span> <span class='ocrx_word' id='word_1_72' title='bbox 837 661 926 684; x_wconf 88' lang='lat' dir='ltr'>recte</span> <span class='ocrx_word' id='word_1_73' title='bbox 949 660 1122 695; x_wconf 85' lang='lat' dir='ltr'>receptum</span> <span class='ocrx_word' id='word_1_74' title='bbox 1147 659 1206 689; x_wconf 79' lang='lat' dir='ltr'>cst,</span> 
     </span>
     <span class='ocr_line' id='line_1_11' title="bbox 84 709 1206 758; baseline 0.001 -17"><span class='ocrx_word' id='word_1_75' title='bbox 84 709 289 751; x_wconf 87' lang='lat' dir='ltr'>unigenitum</span> <span class='ocrx_word' id='word_1_76' title='bbox 314 712 440 758; x_wconf 79' lang='lat' dir='ltr'>Filium</span> <span class='ocrx_word' id='word_1_77' title='bbox 472 713 538 746; x_wconf 87' lang='lat' dir='ltr'>Dei</span> <span class='ocrx_word' id='word_1_78' title='bbox 570 713 763 758; x_wconf 75' lang='lat' dir='ltr'>sapientiam</span> <span class='ocrx_word' id='word_1_79' title='bbox 797 712 866 757; x_wconf 75' lang='lat' dir='ltr'>ejus</span> <span class='ocrx_word' id='word_1_80' title='bbox 891 725 960 745; x_wconf 82' lang='lat' dir='ltr'>esse</span> <span class='ocrx_word' id='word_1_81' title='bbox 983 711 1206 744; x_wconf 76' lang='lat' dir='ltr'>substantiali-</span> 
     </span>
     <span class='ocr_line' id='line_1_12' title="bbox 83 772 1206 819; baseline 0.002 -17"><span class='ocrx_word' id='word_1_82' title='bbox 83 781 136 803; x_wconf 87' lang='lat' dir='ltr'>ter</span> <span class='ocrx_word' id='word_1_83' title='bbox 157 772 403 815; x_wconf 75' lang='lat' dir='ltr'>subsistentem,</span> <span class='ocrx_word' id='word_1_84' title='bbox 427 774 539 806; x_wconf 87' lang='lat' dir='ltr'>nescio</span> <span class='ocrx_word' id='word_1_85' title='bbox 564 774 591 807; x_wconf 90' lang='lat' dir='ltr'>si</span> <span class='ocrx_word' id='word_1_86' title='bbox 616 774 679 819; x_wconf 75' lang='lat' dir='ltr'>jam</span> <span class='ocrx_word' id='word_1_87' title='bbox 705 775 791 806; x_wconf 83' lang='lat' dir='ltr'>ultra</span> <span class='ocrx_word' id='word_1_88' title='bbox 814 773 942 815; x_wconf 76' lang='lat' dir='ltr'>evagari</span> <span class='ocrx_word' id='word_1_89' title='bbox 957 786 1068 806; x_wconf 90' lang='lat' dir='ltr'>sensus</span> <span class='ocrx_word' id='word_1_90' title='bbox 1092 782 1206 804; x_wconf 86' lang='lat' dir='ltr'>noster</span> 
     </span>
     <span class='ocr_line' id='line_1_13' title="bbox 84 833 1206 880; baseline 0.002 -16"><span class='ocrx_word' id='word_1_91' title='bbox 84 833 204 866; x_wconf 83' lang='lat' dir='ltr'>debeat</span> <span class='ocrx_word' id='word_1_92' title='bbox 227 834 268 866; x_wconf 83' lang='lat' dir='ltr'>ad</span> <span class='ocrx_word' id='word_1_93' title='bbox 291 836 544 879; x_wconf 79' lang='lat' dir='ltr'>suspicandum,</span> <span class='ocrx_word' id='word_1_94' title='bbox 575 849 616 868; x_wconf 85' lang='lat' dir='ltr'>ne</span> <span class='ocrx_word' id='word_1_95' title='bbox 631 837 665 879; x_wconf 82' lang='lat'>⁶)</span> <span class='ocrx_word' id='word_1_96' title='bbox 697 837 783 868; x_wconf 81' lang='lat' dir='ltr'>forte</span> <span class='ocrx_word' id='word_1_97' title='bbox 809 835 879 880; x_wconf 82' lang='lat' dir='ltr'>ipsa</span> <span class='ocrx_word' id='word_1_98' title='bbox 902 834 1113 868; x_wconf 74' lang='lat' dir='ltr'>subsistentia</span> <span class='ocrx_word' id='word_1_99' title='bbox 1137 834 1206 879; x_wconf 72' lang='lat' dir='ltr'>ejus</span> 
     </span>
     <span class='ocr_line' id='line_1_14' title="bbox 84 897 1205 942; baseline 0.001 -15"><span class='ocrx_word' id='word_1_100' title='bbox 84 908 286 940; x_wconf 88' lang='lat' dir='ltr'>corporeum</span> <span class='ocrx_word' id='word_1_101' title='bbox 310 897 435 941; x_wconf 81' lang='lat' dir='ltr'>aliquid</span> <span class='ocrx_word' id='word_1_102' title='bbox 466 898 599 937; x_wconf 72' lang='lat' dir='ltr'>liabent,</span> <span class='ocrx_word' id='word_1_103' title='bbox 640 911 714 929; x_wconf 86' lang='lat' dir='ltr'>cum</span> <span class='ocrx_word' id='word_1_104' title='bbox 747 910 847 929; x_wconf 83' lang='lat' dir='ltr'>omne</span> <span class='ocrx_word' id='word_1_105' title='bbox 878 897 970 942; x_wconf 91' lang='lat' dir='ltr'>quod</span> <span class='ocrx_word' id='word_1_106' title='bbox 1004 909 1205 941; x_wconf 79' lang='lat' dir='ltr'>corporeum</span> 
     </span>
     <span class='ocr_line' id='line_1_15' title="bbox 83 958 1206 1001; baseline 0.003 -13"><span class='ocrx_word' id='word_1_107' title='bbox 83 966 142 996; x_wconf 81' lang='lat' dir='ltr'>est,</span> <span class='ocrx_word' id='word_1_108' title='bbox 168 958 221 990; x_wconf 90' lang='lat' dir='ltr'>vel</span> <span class='ocrx_word' id='word_1_109' title='bbox 245 958 378 997; x_wconf 78' lang='lat' dir='ltr'>habitu,</span> <span class='ocrx_word' id='word_1_110' title='bbox 414 959 468 990; x_wconf 91' lang='lat' dir='ltr'>vel</span> <span class='ocrx_word' id='word_1_111' title='bbox 500 958 632 997; x_wconf 85' lang='lat' dir='ltr'>colore,</span> <span class='ocrx_word' id='word_1_112' title='bbox 665 958 716 990; x_wconf 87' lang='lat' dir='ltr'>vel</span> <span class='ocrx_word' id='word_1_113' title='bbox 750 958 976 1001; x_wconf 77' lang='lat' dir='ltr'>magnitudine</span> <span class='ocrx_word' id='word_1_114' title='bbox 1007 958 1206 1000; x_wconf 82' lang='lat' dir='ltr'>designetur.</span> 
     </span>
     <span class='ocr_line' id='line_1_16' title="bbox 84 1017 1205 1066; baseline 0.002 -17"><span class='ocrx_word' id='word_1_115' title='bbox 84 1017 127 1050; x_wconf 89' lang='lat' dir='ltr'>Et</span> <span class='ocrx_word' id='word_1_116' title='bbox 151 1019 224 1062; x_wconf 90' lang='lat' dir='ltr'>quis</span> <span class='ocrx_word' id='word_1_117' title='bbox 247 1032 394 1064; x_wconf 84' lang='lat' dir='ltr'>unquam</span> <span class='ocrx_word' id='word_1_118' title='bbox 417 1020 487 1052; x_wconf 84' lang='lat' dir='ltr'>sani</span> <span class='ocrx_word' id='word_1_119' title='bbox 510 1033 623 1052; x_wconf 89' lang='lat' dir='ltr'>sensus</span> <span class='ocrx_word' id='word_1_120' title='bbox 647 1020 816 1060; x_wconf 79' lang='lat' dir='ltr'>habitum,</span> <span class='ocrx_word' id='word_1_121' title='bbox 841 1021 893 1053; x_wconf 86' lang='lat' dir='ltr'>vel</span> <span class='ocrx_word' id='word_1_122' title='bbox 919 1021 1080 1060; x_wconf 86' lang='lat' dir='ltr'>colorem,</span> <span class='ocrx_word' id='word_1_123' title='bbox 1105 1021 1205 1066; x_wconf 84' lang='lat' dir='ltr'>aut7)</span> 
     </span>
    </p>
   </div>
   <div class='ocr_carea' id='block_1_3' title="bbox 83 1080 1207 1125">
    <p class='ocr_par' dir='ltr' id='par_1_5' title="bbox 83 1080 1207 1125">
     <span class='ocr_line' id='line_1_17' title="bbox 83 1080 1207 1125; baseline 0.002 -14"><span class='ocrx_word' id='word_1_124' title='bbox 83 1092 255 1112; x_wconf 80' lang='lat' dir='ltr'>mensurae</span> <span class='ocrx_word' id='word_1_125' title='bbox 279 1080 539 1123; x_wconf 79' lang='lat' dir='ltr'>magnitudinem</span> <span class='ocrx_word' id='word_1_126' title='bbox 556 1080 589 1112; x_wconf 88' lang='lat' dir='ltr'>in</span> <span class='ocrx_word' id='word_1_127' title='bbox 606 1080 764 1125; x_wconf 80' lang='lat' dir='ltr'>sapientia</span> <span class='ocrx_word' id='word_1_128' title='bbox 778 1081 959 1125; x_wconf 81' lang='lat' dir='ltr'>requisivit,</span> <span class='ocrx_word' id='word_1_129' title='bbox 982 1081 1087 1125; x_wconf 63' lang='lat' dir='ltr'>pers)</span> <span class='ocrx_word' id='word_1_130' title='bbox 1115 1082 1207 1125; x_wconf 86' lang='lat' dir='ltr'>quod</span> 
     </span>
    </p>
   </div>
   <div class='ocr_carea' id='block_1_4' title="bbox 84 1191 1206 1272">
    <p class='ocr_par' dir='ltr' id='par_1_6' title="bbox 84 1191 1206 1272">
     <span class='ocr_line' id='line_1_18' title="bbox 179 1191 1206 1236; baseline 0.001 -13"><span class='ocrx_word' id='word_1_131' title='bbox 179 1191 210 1235; x_wconf 88' lang='lat'>¹)</span> <span class='ocrx_word' id='word_1_132' title='bbox 234 1191 397 1224; x_wconf 74' lang='lat' dir='ltr'>Desumta</span> <span class='ocrx_word' id='word_1_133' title='bbox 429 1201 504 1224; x_wconf 81' lang='lat' dir='ltr'>sunt</span> <span class='ocrx_word' id='word_1_134' title='bbox 529 1193 607 1225; x_wconf 64' lang='lat' dir='ltr'>llaec</span> <span class='ocrx_word' id='word_1_135' title='bbox 632 1194 731 1225; x_wconf 72' lang='lat' dir='ltr'>verba</span> <span class='ocrx_word' id='word_1_136' title='bbox 756 1206 793 1225; x_wconf 85' lang='lat' dir='ltr'>ex</span> <span class='ocrx_word' id='word_1_137' title='bbox 819 1192 911 1234; x_wconf 83' lang='lat' dir='ltr'>Orig.</span> <span class='ocrx_word' id='word_1_138' title='bbox 937 1192 968 1224; x_wconf 89' lang='lat' dir='ltr'>in</span> <span class='ocrx_word' id='word_1_139' title='bbox 994 1206 1046 1236; x_wconf 83' lang='lat' dir='ltr'>ep.</span> <span class='ocrx_word' id='word_1_140' title='bbox 1071 1193 1112 1225; x_wconf 80' lang='lat' dir='ltr'>ad</span> <span class='ocrx_word' id='word_1_141' title='bbox 1136 1193 1206 1224; x_wconf 85' lang='lat' dir='ltr'>Ro-</span> 
     </span>
     <span class='ocr_line' id='line_1_19' title="bbox 84 1236 1204 1272; baseline 0.003 -5"><span class='ocrx_word' id='word_1_142' title='bbox 84 1248 171 1268; x_wconf 78' lang='lat' dir='ltr'>man.</span> <span class='ocrx_word' id='word_1_143' title='bbox 205 1236 430 1269; x_wconf 71' lang='lat' dir='ltr'>commentar.</span> <span class='ocrx_word' id='word_1_144' title='bbox 461 1237 506 1269; x_wconf 89' lang='lat' dir='ltr'>lib</span> <span class='ocrx_word' id='word_1_145' title='bbox 544 1239 567 1269; x_wconf 88' lang='lat' dir='ltr'>l.</span> <span class='ocrx_word' id='word_1_146' title='bbox 602 1251 691 1270; x_wconf 86' lang='lat' dir='ltr'>num.</span> <span class='ocrx_word' id='word_1_147' title='bbox 718 1239 747 1271; x_wconf 68' lang='grc'>4.</span> <span class='ocrx_word' id='word_1_148' title='bbox 785 1246 816 1269; x_wconf 84' lang='lat' dir='ltr'>et</span> <span class='ocrx_word' id='word_1_149' title='bbox 846 1239 876 1271; x_wconf 86' lang='lat'>5.</span> <span class='ocrx_word' id='word_1_150' title='bbox 915 1238 983 1272; x_wconf 77' lang='lat' dir='ltr'>Cfr.</span> <span class='ocrx_word' id='word_1_151' title='bbox 1018 1238 1068 1270; x_wconf 91' lang='lat' dir='ltr'>ed.</span> <span class='ocrx_word' id='word_1_152' title='bbox 1101 1247 1204 1270; x_wconf 82' lang='lat' dir='ltr'>nostr.</span> 
     </span>
    </p>
   </div>
   <div class='ocr_carea' id='block_1_5' title="bbox 84 1280 1130 1381">
    <p class='ocr_par' dir='ltr' id='par_1_7' title="bbox 84 1280 1130 1381">
     <span class='ocr_line' id='line_1_20' title="bbox 84 1280 1130 1327; baseline 0.004 -15"><span class='ocrx_word' id='word_1_153' title='bbox 84 1280 184 1313; x_wconf 86' lang='lat' dir='ltr'>Tom.</span> <span class='ocrx_word' id='word_1_154' title='bbox 209 1281 267 1313; x_wconf 85' lang='lat' dir='ltr'>Vl.</span> <span class='ocrx_word' id='word_1_155' title='bbox 291 1295 362 1326; x_wconf 75' lang='lat' dir='ltr'>pag.</span> <span class='ocrx_word' id='word_1_156' title='bbox 388 1282 442 1317; x_wconf 90' lang='lat'>20.</span> <span class='ocrx_word' id='word_1_157' title='bbox 466 1283 519 1316; x_wconf 89' lang='lat'>22.</span> <span class='ocrx_word' id='word_1_158' title='bbox 544 1282 598 1316; x_wconf 87' lang='lat'>23.</span> <span class='ocrx_word' id='word_1_159' title='bbox 623 1283 702 1316; x_wconf 87' lang='lat' dir='ltr'>coll.</span> <span class='ocrx_word' id='word_1_160' title='bbox 726 1283 806 1316; x_wconf 86' lang='lat' dir='ltr'>ibid.</span> <span class='ocrx_word' id='word_1_161' title='bbox 832 1295 904 1327; x_wconf 77' lang='lat' dir='ltr'><strong>pag.</strong></span> <span class='ocrx_word' id='word_1_162' title='bbox 929 1282 982 1316; x_wconf 88' lang='lat'>22.</span> <span class='ocrx_word' id='word_1_163' title='bbox 1006 1292 1075 1316; x_wconf 89' lang='lat' dir='ltr'>not.</span> <span class='ocrx_word' id='word_1_164' title='bbox 1099 1282 1130 1316; x_wconf 82' lang='grc'>9.</span> 
     </span>
     <span class='ocr_line' id='line_1_21' title="bbox 177 1337 589 1381; baseline 0.005 -12"><span class='ocrx_word' id='word_1_165' title='bbox 177 1337 209 1381; x_wconf 83' lang='lat'>²)</span> <span class='ocrx_word' id='word_1_166' title='bbox 237 1337 305 1370; x_wconf 84' lang='lat' dir='ltr'>Csr.</span> <span class='ocrx_word' id='word_1_167' title='bbox 331 1338 429 1371; x_wconf 84' lang='lat' dir='ltr'>Rom.</span> <span class='ocrx_word' id='word_1_168' title='bbox 458 1339 480 1377; x_wconf 82' lang='lat' dir='ltr'>l,</span> <span class='ocrx_word' id='word_1_169' title='bbox 503 1338 534 1372; x_wconf 89' lang='grc'>2.</span> <span class='ocrx_word' id='word_1_170' title='bbox 559 1338 589 1373; x_wconf 80' lang='grc'>3.</span> 
     </span>
    </p>
   </div>
   <div class='ocr_carea' id='block_1_6' title="bbox 173 1393 1202 1492">
    <p class='ocr_par' dir='ltr' id='par_1_8' title="bbox 173 1393 1202 1492">
     <span class='ocr_line' id='line_1_22' title="bbox 173 1393 1202 1438; baseline 0.001 -13"><span class='ocrx_word' id='word_1_171' title='bbox 173 1394 208 1436; x_wconf 84' lang='lat'>³)</span> <span class='ocrx_word' id='word_1_172' title='bbox 232 1393 318 1426; x_wconf 89' lang='lat' dir='ltr'>Edd.</span> <span class='ocrx_word' id='word_1_173' title='bbox 347 1394 394 1427; x_wconf 86' lang='lat' dir='ltr'>M.</span> <span class='ocrx_word' id='word_1_174' title='bbox 419 1396 478 1438; x_wconf 75' lang='lat' dir='ltr'>qui</span> <span class='ocrx_word' id='word_1_175' title='bbox 500 1397 615 1438; x_wconf 80' lang='lat' dir='ltr'>factus</span> <span class='ocrx_word' id='word_1_176' title='bbox 638 1401 686 1428; x_wconf 81' lang='lat' dir='ltr'>est</span> <span class='ocrx_word' id='word_1_177' title='bbox 710 1395 890 1427; x_wconf 79' lang='lat' dir='ltr'>secundum</span> <span class='ocrx_word' id='word_1_178' title='bbox 914 1405 1049 1427; x_wconf 82' lang='lat' dir='ltr'>carnem</span> <span class='ocrx_word' id='word_1_179' title='bbox 1074 1407 1116 1427; x_wconf 69' lang='lat' dir='ltr'>ex</span> <span class='ocrx_word' id='word_1_180' title='bbox 1141 1403 1202 1426; x_wconf 82' lang='lat' dir='ltr'>etc.</span> 
     </span>
     <span class='ocr_line' id='line_1_23' title="bbox 176 1448 592 1492; baseline 0.01 -13"><span class='ocrx_word' id='word_1_181' title='bbox 176 1448 210 1492; x_wconf 48' lang='grc' dir='ltr'>ὅ)</span> <span class='ocrx_word' id='word_1_182' title='bbox 234 1449 321 1483; x_wconf 84' lang='lat' dir='ltr'>Edd.</span> <span class='ocrx_word' id='word_1_183' title='bbox 346 1450 394 1482; x_wconf 84' lang='lat' dir='ltr'>M.</span> <span class='ocrx_word' id='word_1_184' title='bbox 419 1452 506 1483; x_wconf 77' lang='lat' dir='ltr'>enim</span> <span class='ocrx_word' id='word_1_185' title='bbox 534 1457 592 1483; x_wconf 74' lang='lat' dir='ltr'>est.</span> 
     </span>
    </p>
   </div>
   <div class='ocr_carea' id='block_1_7' title="bbox 176 1504 1205 1550">
    <p class='ocr_par' dir='ltr' id='par_1_9' title="bbox 176 1504 1205 1550">
     <span class='ocr_line' id='line_1_24' title="bbox 176 1504 1205 1550; baseline 0.003 -15"><span class='ocrx_word' id='word_1_186' title='bbox 176 1505 209 1546; x_wconf 73' lang='grc'>5)</span> <span class='ocrx_word' id='word_1_187' title='bbox 234 1504 421 1548; x_wconf 79' lang='lat' dir='ltr'>Depromta</span> <span class='ocrx_word' id='word_1_188' title='bbox 443 1515 519 1537; x_wconf 84' lang='lat' dir='ltr'>sunt</span> <span class='ocrx_word' id='word_1_189' title='bbox 543 1505 621 1537; x_wconf 79' lang='lat' dir='ltr'>haec</span> <span class='ocrx_word' id='word_1_190' title='bbox 647 1506 744 1537; x_wconf 80' lang='lat' dir='ltr'>verba</span> <span class='ocrx_word' id='word_1_191' title='bbox 766 1518 803 1536; x_wconf 86' lang='lat' dir='ltr'>ex</span> <span class='ocrx_word' id='word_1_192' title='bbox 834 1504 907 1536; x_wconf 82' lang='lat' dir='ltr'>libr.</span> <span class='ocrx_word' id='word_1_193' title='bbox 928 1505 950 1538; x_wconf 88' lang='lat' dir='ltr'>l.</span> <span class='ocrx_word' id='word_1_194' title='bbox 976 1507 1059 1548; x_wconf 70' lang='grc' dir='ltr'>περὶ</span> <span class='ocrx_word' id='word_1_195' title='bbox 1083 1504 1205 1550; x_wconf 64' lang='grc' dir='ltr'><em>ἀρχῶν</em></span> 
     </span>
    </p>
   </div>
   <div class='ocr_carea' id='block_1_8' title="bbox 86 1549 1063 1594">
    <p class='ocr_par' dir='ltr' id='par_1_10' title="bbox 86 1549 1063 1594">
     <span class='ocr_line' id='line_1_25' title="bbox 86 1549 1063 1594; baseline 0.004 -14"><span class='ocrx_word' id='word_1_196' title='bbox 86 1561 156 1592; x_wconf 83' lang='lat' dir='ltr'><strong>cap.</strong></span> <span class='ocrx_word' id='word_1_197' title='bbox 182 1549 223 1582; x_wconf 89' lang='lat' dir='ltr'>Il.</span> <span class='ocrx_word' id='word_1_198' title='bbox 247 1562 338 1582; x_wconf 86' lang='lat' dir='ltr'>num.</span> <span class='ocrx_word' id='word_1_199' title='bbox 363 1549 402 1582; x_wconf 89' lang='lat' dir='ltr'>ll.</span> <span class='ocrx_word' id='word_1_200' title='bbox 451 1550 519 1582; x_wconf 84' lang='lat' dir='ltr'>Cfr.</span> <span class='ocrx_word' id='word_1_201' title='bbox 545 1551 596 1584; x_wconf 88' lang='lat' dir='ltr'>ed.</span> <span class='ocrx_word' id='word_1_202' title='bbox 621 1551 749 1593; x_wconf 82' lang='lat' dir='ltr'>Redep.</span> <span class='ocrx_word' id='word_1_203' title='bbox 775 1562 848 1593; x_wconf 83' lang='lat' dir='ltr'>pag.</span> <span class='ocrx_word' id='word_1_204' title='bbox 873 1549 947 1584; x_wconf 81' lang='grc'>106.</span> <span class='ocrx_word' id='word_1_205' title='bbox 972 1564 1063 1594; x_wconf 86' lang='lat' dir='ltr'>seqq.</span> 
     </span>
    </p>
   </div>
   <div class='ocr_carea' id='block_1_9' title="bbox 84 1604 1206 2186">
    <p class='ocr_par' dir='ltr' id='par_1_11' title="bbox 84 1604 1206 2186">
     <span class='ocr_line' id='line_1_26' title="bbox 175 1604 1204 1651; baseline 0.004 -16"><span class='ocrx_word' id='word_1_206' title='bbox 175 1604 209 1646; x_wconf 74' lang='lat'>⁶)</span> <span class='ocrx_word' id='word_1_207' title='bbox 238 1605 283 1636; x_wconf 80' lang='lat' dir='ltr'>lta</span> <span class='ocrx_word' id='word_1_208' title='bbox 309 1605 390 1640; x_wconf 81' lang='lat' dir='ltr'>Mss.</span> <span class='ocrx_word' id='word_1_209' title='bbox 412 1605 572 1648; x_wconf 84' lang='lat' dir='ltr'>plerique.</span> <span class='ocrx_word' id='word_1_210' title='bbox 599 1606 678 1637; x_wconf 82' lang='lat' dir='ltr'>Mss.</span> <span class='ocrx_word' id='word_1_211' title='bbox 712 1618 791 1637; x_wconf 89' lang='lat' dir='ltr'>vero</span> <span class='ocrx_word' id='word_1_212' title='bbox 816 1605 969 1649; x_wconf 70' lang='lat' dir='ltr'>quid-im,</span> <span class='ocrx_word' id='word_1_213' title='bbox 994 1615 1027 1638; x_wconf 84' lang='lat' dir='ltr'>et</span> <span class='ocrx_word' id='word_1_214' title='bbox 1051 1606 1133 1639; x_wconf 83' lang='lat' dir='ltr'>editi</span> <span class='ocrx_word' id='word_1_215' title='bbox 1157 1608 1204 1651; x_wconf 83' lang='lat' dir='ltr'>(v.</span> 
     </span>
     <span class='ocr_line' id='line_1_27' title="bbox 84 1649 1205 1694; baseline 0.003 -14"><span class='ocrx_word' id='word_1_216' title='bbox 84 1662 110 1681; x_wconf 91' lang='lat' dir='ltr'>c.</span> <span class='ocrx_word' id='word_1_217' title='bbox 136 1649 211 1681; x_wconf 86' lang='lat' dir='ltr'>edd.</span> <span class='ocrx_word' id='word_1_218' title='bbox 236 1649 302 1693; x_wconf 88' lang='lat' dir='ltr'>M.)</span> <span class='ocrx_word' id='word_1_219' title='bbox 326 1663 368 1683; x_wconf 79' lang='lat' dir='ltr'>ne</span> <span class='ocrx_word' id='word_1_220' title='bbox 389 1652 478 1692; x_wconf 82' lang='lat' dir='ltr'>forte</span> <span class='ocrx_word' id='word_1_221' title='bbox 500 1653 576 1694; x_wconf 37' lang='lat' dir='ltr'>*ipsa</span> <span class='ocrx_word' id='word_1_222' title='bbox 599 1652 792 1683; x_wconf 69' lang='lat' dir='ltr'>substantia</span> <span class='ocrx_word' id='word_1_223' title='bbox 813 1654 887 1693; x_wconf 77' lang='lat' dir='ltr'>ejus</span> <span class='ocrx_word' id='word_1_224' title='bbox 912 1660 973 1683; x_wconf 92' lang='lat' dir='ltr'>etc.</span> <span class='ocrx_word' id='word_1_225' title='bbox 1013 1651 1105 1683; x_wconf 86' lang='lat' dir='ltr'>Libri</span> <span class='ocrx_word' id='word_1_226' title='bbox 1124 1652 1205 1684; x_wconf 77' lang='lat' dir='ltr'>editi</span> 
     </span>
     <span class='ocr_line' id='line_1_28' title="bbox 84 1694 1203 1740; baseline 0.004 -15"><span class='ocrx_word' id='word_1_227' title='bbox 84 1695 125 1726; x_wconf 81' lang='lat' dir='ltr'>de</span> <span class='ocrx_word' id='word_1_228' title='bbox 156 1694 351 1738; x_wconf 82' lang='lat' dir='ltr'>Principiis:</span> <span class='ocrx_word' id='word_1_229' title='bbox 390 1708 431 1728; x_wconf 81' lang='lat' dir='ltr'>ne</span> <span class='ocrx_word' id='word_1_230' title='bbox 460 1698 548 1738; x_wconf 78' lang='lat' dir='ltr'>forte</span> <span class='ocrx_word' id='word_1_231' title='bbox 584 1697 660 1740; x_wconf 74' lang='lat' dir='ltr'>ipsa</span> <span class='ocrx_word' id='word_1_232' title='bbox 689 1698 784 1728; x_wconf 73' lang='lat' dir='ltr'>ideae</span> <span class='ocrx_word' id='word_1_233' title='bbox 815 1697 1007 1729; x_wconf 75' lang='lat' dir='ltr'>substantia</span> <span class='ocrx_word' id='word_1_234' title='bbox 1036 1700 1109 1739; x_wconf 83' lang='lat' dir='ltr'>ejus</span> <span class='ocrx_word' id='word_1_235' title='bbox 1141 1707 1203 1730; x_wconf 86' lang='lat' dir='ltr'>etc.</span> 
     </span>
     <span class='ocr_line' id='line_1_29' title="bbox 85 1739 1204 1783; baseline 0.004 -11"><span class='ocrx_word' id='word_1_236' title='bbox 85 1739 164 1772; x_wconf 82' lang='lat' dir='ltr'>Mss.</span> <span class='ocrx_word' id='word_1_237' title='bbox 190 1752 269 1770; x_wconf 79' lang='lat' dir='ltr'>vero</span> <span class='ocrx_word' id='word_1_238' title='bbox 304 1741 488 1772; x_wconf 85' lang='lat' dir='ltr'>eorundem</span> <span class='ocrx_word' id='word_1_239' title='bbox 520 1741 706 1773; x_wconf 87' lang='lat' dir='ltr'>librorum:</span> <span class='ocrx_word' id='word_1_240' title='bbox 743 1754 783 1773; x_wconf 82' lang='lat' dir='ltr'>ne</span> <span class='ocrx_word' id='word_1_241' title='bbox 812 1743 901 1783; x_wconf 80' lang='lat' dir='ltr'>sorte</span> <span class='ocrx_word' id='word_1_242' title='bbox 931 1745 1078 1775; x_wconf 77' lang='lat' dir='ltr'><em>JJIJYA</em></span> <span class='ocrx_word' id='word_1_243' title='bbox 1109 1741 1204 1777; x_wconf 81' lang='grc' dir='ltr'>ὑπό-</span> 
     </span>
     <span class='ocr_line' id='line_1_30' title="bbox 86 1786 1206 1828; baseline 0.004 -11"><span class='ocrx_word' id='word_1_244' title='bbox 86 1796 226 1825; x_wconf 78' lang='grc' dir='ltr'>στασις,</span> <span class='ocrx_word' id='word_1_245' title='bbox 252 1786 288 1817; x_wconf 73' lang='lat' dir='ltr'>id</span> <span class='ocrx_word' id='word_1_246' title='bbox 311 1792 377 1826; x_wconf 69' lang='lat' dir='ltr'>est,</span> <span class='ocrx_word' id='word_1_247' title='bbox 407 1787 603 1818; x_wconf 75' lang='lat' dir='ltr'>substantia</span> <span class='ocrx_word' id='word_1_248' title='bbox 626 1790 698 1828; x_wconf 62' lang='lat' dir='ltr'>ejus</span> <span class='ocrx_word' id='word_1_249' title='bbox 722 1794 802 1824; x_wconf 54' lang='lat' dir='ltr'>etc„</span> <span class='ocrx_word' id='word_1_250' title='bbox 834 1786 892 1817; x_wconf 89' lang='lat' dir='ltr'>ubi</span> <span class='ocrx_word' id='word_1_251' title='bbox 917 1800 1034 1818; x_wconf 83' lang='lat' dir='ltr'>vocem</span> <span class='ocrx_word' id='word_1_252' title='bbox 1059 1792 1206 1822; x_wconf 86' lang='lat' dir='ltr'><em>IIIIYA</em></span> 
     </span>
     <span class='ocr_line' id='line_1_31' title="bbox 87 1828 1206 1878; baseline 0.007 -19"><span class='ocrx_word' id='word_1_253' title='bbox 87 1828 240 1861; x_wconf 84' lang='lat' dir='ltr'>omnibus</span> <span class='ocrx_word' id='word_1_254' title='bbox 264 1829 466 1871; x_wconf 80' lang='lat' dir='ltr'>incognitam</span> <span class='ocrx_word' id='word_1_255' title='bbox 490 1831 572 1862; x_wconf 80' lang='lat' dir='ltr'>nihil</span> <span class='ocrx_word' id='word_1_256' title='bbox 599 1831 689 1863; x_wconf 76' lang='lat' dir='ltr'>aliud</span> <span class='ocrx_word' id='word_1_257' title='bbox 714 1843 782 1863; x_wconf 82' lang='lat' dir='ltr'>esse</span> <span class='ocrx_word' id='word_1_258' title='bbox 812 1831 963 1875; x_wconf 85' lang='lat' dir='ltr'>suspicor</span> <span class='ocrx_word' id='word_1_259' title='bbox 987 1845 1084 1876; x_wconf 75' lang='lat' dir='ltr'>quam</span> <span class='ocrx_word' id='word_1_260' title='bbox 1111 1835 1206 1878; x_wconf 74' lang='lat' dir='ltr'>ipsa:</span> 
     </span>
     <span class='ocr_line' id='line_1_32' title="bbox 87 1875 1201 1919; baseline 0.006 -15"><span class='ocrx_word' id='word_1_261' title='bbox 87 1887 184 1917; x_wconf 71' lang='lat' dir='ltr'>quarn</span> <span class='ocrx_word' id='word_1_262' title='bbox 212 1887 327 1906; x_wconf 72' lang='lat' dir='ltr'>vocem</span> <span class='ocrx_word' id='word_1_263' title='bbox 353 1875 499 1919; x_wconf 86' lang='lat' dir='ltr'>imperiti</span> <span class='ocrx_word' id='word_1_264' title='bbox 526 1876 651 1908; x_wconf 77' lang='lat' dir='ltr'>librarii</span> <span class='ocrx_word' id='word_1_265' title='bbox 676 1889 823 1917; x_wconf 73' lang='lat' dir='ltr'>graecam</span> <span class='ocrx_word' id='word_1_266' title='bbox 850 1876 1071 1910; x_wconf 83' lang='lat' dir='ltr'>crediderunt.</span> <span class='ocrx_word' id='word_1_267' title='bbox 1097 1879 1135 1910; x_wconf 81' lang='lat' dir='ltr'>R.</span> <span class='ocrx_word' id='word_1_268' title='bbox 1162 1899 1201 1904; x_wconf 88' lang='lat'>—-</span> 
     </span>
     <span class='ocr_line' id='line_1_33' title="bbox 88 1919 1205 1966; baseline 0.004 -16"><span class='ocrx_word' id='word_1_269' title='bbox 88 1919 169 1950; x_wconf 78' lang='lat' dir='ltr'>hem</span> <span class='ocrx_word' id='word_1_270' title='bbox 195 1928 303 1951; x_wconf 73' lang='lat' dir='ltr'>tamen</span> <span class='ocrx_word' id='word_1_271' title='bbox 328 1920 459 1952; x_wconf 75' lang='lat' dir='ltr'>Ruaeus</span> <span class='ocrx_word' id='word_1_272' title='bbox 486 1926 602 1965; x_wconf 86' lang='lat' dir='ltr'>(quem</span> <span class='ocrx_word' id='word_1_273' title='bbox 630 1922 756 1964; x_wconf 64' lang='lat' dir='ltr'>Pnedvp.</span> <span class='ocrx_word' id='word_1_274' title='bbox 785 1921 951 1965; x_wconf 71' lang='lat' dir='ltr'>sequitur)</span> <span class='ocrx_word' id='word_1_275' title='bbox 986 1922 1042 1955; x_wconf 90' lang='lat' dir='ltr'>lib.</span> <span class='ocrx_word' id='word_1_276' title='bbox 1067 1923 1090 1955; x_wconf 85' lang='lat' dir='ltr'>l.</span> <span class='ocrx_word' id='word_1_277' title='bbox 1122 1927 1205 1966; x_wconf 68' lang='grc' dir='ltr'>περὶ</span> 
     </span>
     <span class='ocr_line' id='line_1_34' title="bbox 88 1963 1203 2010; baseline 0.004 -14"><span class='ocrx_word' id='word_1_278' title='bbox 88 1963 210 2007; x_wconf 73' lang='grc' dir='ltr'><em>ἀρχῶν</em></span> <span class='ocrx_word' id='word_1_279' title='bbox 234 1964 296 1995; x_wconf 85' lang='lat' dir='ltr'>loc.</span> <span class='ocrx_word' id='word_1_280' title='bbox 324 1965 410 1997; x_wconf 82' lang='lat' dir='ltr'>laud.</span> <span class='ocrx_word' id='word_1_281' title='bbox 442 1965 474 1997; x_wconf 86' lang='lat' dir='ltr'>in</span> <span class='ocrx_word' id='word_1_282' title='bbox 499 1975 606 1997; x_wconf 82' lang='lat' dir='ltr'>textu:</span> <span class='ocrx_word' id='word_1_283' title='bbox 640 1980 699 1998; x_wconf 87' lang='lat' dir='ltr'>»ne</span> <span class='ocrx_word' id='word_1_284' title='bbox 724 1968 811 1997; x_wconf 77' lang='lat' dir='ltr'>sorte</span> <span class='ocrx_word' id='word_1_285' title='bbox 836 1967 903 2010; x_wconf 71' lang='lat' dir='ltr'>ips-‘n</span> <span class='ocrx_word' id='word_1_286' title='bbox 930 1966 1139 2006; x_wconf 73' lang='grc' dir='ltr'><em>ὑπόστασις,</em></span> <span class='ocrx_word' id='word_1_287' title='bbox 1171 1969 1203 2001; x_wconf 88' lang='lat' dir='ltr'>id</span> 
     </span>
     <span class='ocr_line' id='line_1_35' title="bbox 89 2009 1204 2054; baseline 0.005 -15"><span class='ocrx_word' id='word_1_288' title='bbox 89 2019 146 2046; x_wconf 74' lang='lat' dir='ltr'>cst,</span> <span class='ocrx_word' id='word_1_289' title='bbox 170 2009 349 2041; x_wconf 73' lang='lat' dir='ltr'>substantia</span> <span class='ocrx_word' id='word_1_290' title='bbox 374 2010 461 2054; x_wconf 72' lang='lat' dir='ltr'>ejus«</span> <span class='ocrx_word' id='word_1_291' title='bbox 490 2020 567 2048; x_wconf 85' lang='lat' dir='ltr'>etc.,</span> <span class='ocrx_word' id='word_1_292' title='bbox 603 2011 634 2043; x_wconf 85' lang='lat' dir='ltr'>in</span> <span class='ocrx_word' id='word_1_293' title='bbox 661 2011 764 2043; x_wconf 74' lang='lat' dir='ltr'>notis:</span> <span class='ocrx_word' id='word_1_294' title='bbox 802 2013 858 2043; x_wconf 82' lang='lat' dir='ltr'>»lu</span> <span class='ocrx_word' id='word_1_295' title='bbox 885 2012 961 2044; x_wconf 76' lang='lat' dir='ltr'>Mss.</span> <span class='ocrx_word' id='word_1_296' title='bbox 987 2021 1061 2044; x_wconf 76' lang='lat' dir='ltr'>ante</span> <span class='ocrx_word' id='word_1_297' title='bbox 1087 2027 1204 2046; x_wconf 78' lang='lat' dir='ltr'>vocem</span> 
     </span>
     <span class='ocr_line' id='line_1_36' title="bbox 89 2051 1205 2099; baseline 0.005 -13"><span class='ocrx_word' id='word_1_298' title='bbox 89 2051 282 2091; x_wconf 72' lang='grc' dir='ltr'><em>ὑπόστασις</em></span> <span class='ocrx_word' id='word_1_299' title='bbox 306 2066 476 2098; x_wconf 69' lang='lat' dir='ltr'>comparet</span> <span class='ocrx_word' id='word_1_300' title='bbox 501 2056 561 2088; x_wconf 72' lang='lat' dir='ltr'>aliu</span> <span class='ocrx_word' id='word_1_301' title='bbox 586 2070 648 2088; x_wconf 74' lang='lat' dir='ltr'>vox</span> <span class='ocrx_word' id='word_1_302' title='bbox 671 2069 786 2097; x_wconf 75' lang='lat' dir='ltr'>graeca</span> <span class='ocrx_word' id='word_1_303' title='bbox 809 2057 855 2089; x_wconf 79' lang='lat' dir='ltr'>sic</span> <span class='ocrx_word' id='word_1_304' title='bbox 876 2057 1040 2089; x_wconf 75' lang='lat' dir='ltr'>delineata</span> <span class='ocrx_word' id='word_1_305' title='bbox 1061 2063 1124 2091; x_wconf 85' lang='lat' dir='ltr'>lPl</span> <span class='ocrx_word' id='word_1_306' title='bbox 1135 2064 1205 2099; x_wconf 80' lang='lat' dir='ltr'>YA,</span> 
     </span>
     <span class='ocr_line' id='line_1_37' title="bbox 88 2098 1206 2149; baseline 0.007 -20"><span class='ocrx_word' id='word_1_307' title='bbox 88 2110 172 2141; x_wconf 77' lang='lat' dir='ltr'>quae</span> <span class='ocrx_word' id='word_1_308' title='bbox 197 2098 276 2141; x_wconf 80' lang='lat' dir='ltr'>quid</span> <span class='ocrx_word' id='word_1_309' title='bbox 301 2099 363 2130; x_wconf 87' lang='lat' dir='ltr'>sibi</span> <span class='ocrx_word' id='word_1_310' title='bbox 396 2100 475 2132; x_wconf 78' lang='lat' dir='ltr'>velit</span> <span class='ocrx_word' id='word_1_311' title='bbox 504 2114 544 2133; x_wconf 85' lang='lat' dir='ltr'>ne</span> <span class='ocrx_word' id='word_1_312' title='bbox 578 2101 766 2147; x_wconf 77' lang='lat' dir='ltr'>conjectura</span> <span class='ocrx_word' id='word_1_313' title='bbox 799 2102 933 2146; x_wconf 73' lang='lat' dir='ltr'>quidem</span> <span class='ocrx_word' id='word_1_314' title='bbox 970 2105 1098 2147; x_wconf 73' lang='lat' dir='ltr'>assequi</span> <span class='ocrx_word' id='word_1_315' title='bbox 1128 2118 1206 2149; x_wconf 75' lang='lat' dir='ltr'>pos-</span> 
     </span>
     <span class='ocr_line' id='line_1_38' title="bbox 90 2143 669 2186; baseline 0.009 -12"><span class='ocrx_word' id='word_1_316' title='bbox 90 2156 172 2181; x_wconf 74' lang='lat' dir='ltr'>sum,</span> <span class='ocrx_word' id='word_1_317' title='bbox 199 2143 258 2174; x_wconf 82' lang='lat' dir='ltr'>nisi</span> <span class='ocrx_word' id='word_1_318' title='bbox 285 2144 371 2175; x_wconf 73' lang='lat' dir='ltr'>sorte</span> <span class='ocrx_word' id='word_1_319' title='bbox 399 2145 538 2186; x_wconf 79' lang='lat' dir='ltr'>legatur:</span> <span class='ocrx_word' id='word_1_320' title='bbox 564 2149 669 2181; x_wconf 55' lang='lat' dir='ltr'>idias&lt;</span> 
     </span>
    </p>
   </div>
   <div class='ocr_carea' id='block_1_10' title="bbox 180 2199 812 2303">
    <p class='ocr_par' dir='ltr' id='par_1_12' title="bbox 180 2199 812 2303">
     <span class='ocr_line' id='line_1_39' title="bbox 182 2199 536 2244; baseline 0.017 -15"><span class='ocrx_word' id='word_1_321' title='bbox 182 2200 214 2241; x_wconf 85' lang='lat'>⁷)</span> <span class='ocrx_word' id='word_1_322' title='bbox 240 2199 299 2230; x_wconf 82' lang='lat' dir='ltr'>Ed.</span> <span class='ocrx_word' id='word_1_323' title='bbox 327 2200 452 2244; x_wconf 77' lang='lat' dir='ltr'>Rctlep.</span> <span class='ocrx_word' id='word_1_324' title='bbox 478 2203 536 2234; x_wconf 70' lang='lat' dir='ltr'>vel.</span> 
     </span>
     <span class='ocr_line' id='line_1_40' title="bbox 180 2254 812 2303; baseline 0.008 -17"><span class='ocrx_word' id='word_1_325' title='bbox 180 2256 214 2298; x_wconf 67' lang='lat'>¹³)</span> <span class='ocrx_word' id='word_1_326' title='bbox 238 2254 298 2287; x_wconf 87' lang='lat' dir='ltr'>Ed.</span> <span class='ocrx_word' id='word_1_327' title='bbox 326 2255 452 2300; x_wconf 74' lang='lat' dir='ltr'>Redep.</span> <span class='ocrx_word' id='word_1_328' title='bbox 474 2270 536 2300; x_wconf 80' lang='lat' dir='ltr'>per</span> <span class='ocrx_word' id='word_1_329' title='bbox 559 2260 618 2292; x_wconf 84' lang='lat' dir='ltr'>lwc</span> <span class='ocrx_word' id='word_1_330' title='bbox 642 2262 728 2303; x_wconf 81' lang='lat' dir='ltr'>quod</span> <span class='ocrx_word' id='word_1_331' title='bbox 752 2269 812 2292; x_wconf 72' lang='lat' dir='ltr'>etc.</span> 
     </span>
    </p>
   </div>
  </div>
 </body>
</html>
