1413 2482
176 75 244 109 282
451 73 491 105 ΙΝ
517 72 676 104 Aroma.
703 71 836 104 Smer!
860 70 1039 103 inmu

175 166 254 198 Deo
280 164 497 210 imprimente
521 161 722 204 signatur.««
774 160 863 194 »Ubi
892 160 1071 203 imaginem
1103 169 1138 193 ct
1159 159 1319 193 similitu-

177 227 293 260 dinem
319 226 413 259 illam
437 223 516 265 Dei,
540 224 583 257 ad
608 236 707 269 quam
733 222 767 256 in
792 221 864 267 ipsa
888 234 947 254 sua
970 220 1139 255 creatione
1155 222 1316 255 efforma-

177 299 229 322 tus
254 288 319 321 suit
349 287 474 328 homo,
506 285 748 332 interpretatur
777 283 986 327 signaculum
1017 282 1163 329 Spiritus
1194 284 1316 318 sancti:

179 350 270 396 quod
295 350 374 383 ideo
401 348 540 382 omnino
566 348 687 382 secisse
712 347 859 388 videtur,
885 345 963 393 quia
985 345 1194 391 spiraculum
1216 345 1317 386 vitae,

178 412 272 458 quod
295 412 409 452 Deus,
446 425 523 445 cum
548 411 699 456 primum
723 409 897 443 hominem
920 409 1103 449 formaret,
1126 408 1192 454 ipsi
1214 407 1319 442 insus-

178 477 272 508 llasse
299 474 436 515 dicitur,
461 473 629 519 Spiritum
654 472 756 506 fuisse
781 480 935 506 sanctum
960 470 1115 506 credidit.
1149 470 1228 504 Hoc
1253 470 1320 503 cla-

178 538 247 571 rius
272 536 355 570 dixit
379 536 611 570 Tertullianus
638 535 697 569 lib.
724 535 766 568 de
797 534 976 579 Baptismo
1002 546 1075 578 cap,
1100 533 1153 574 5.,
1180 532 1242 565 ubi
1277 532 1321 565 de

178 597 435 642 regeneratione
462 597 626 639 hominis,
659 610 744 643 quae
776 610 838 642 per
867 595 1076 642 baptismum
1101 595 1157 636 sit,
1186 593 1235 628 sic
1269 594 1322 627 lo-

179 662 339 708 quitur:«
384 661 479 694 ›mlta
519 660 711 694 restituitur
743 660 847 693 homo
881 659 959 692 Deo
989 659 1032 692 ad
1061 655 1321 692 similitudinem

179 724 268 771 ejus,
305 723 364 770 qui
400 732 492 757 retro
532 723 574 756 ad
605 722 784 765 imaginem
815 721 884 755 Dei
917 721 1072 755 conditus
1102 720 1230 762 fuerat,
1254 727 1321 752 etc.

176 786 324 833 Recepit
348 786 438 820 enim
462 785 562 819 illum
585 784 653 818 Dei
678 780 866 830 Spiritum,
898 797 999 830 quem
1030 793 1114 817 tunc
1138 783 1180 816 de
1204 781 1323 815 afflatu

179 849 251 897 ejus
274 858 477 895 susceperat,
502 848 563 882 sed
586 857 666 894 post
689 847 845 880 amiserat
868 860 931 893 per
948 847 1166 880 delictum.««
1210 843 1321 878 »Hinc

178 914 283 957 igitur
305 914 433 946 factum
459 911 607 952 videtur,
631 920 668 944 ut
693 924 731 943 ex
757 924 810 952 eo,
834 911 930 956 quod
952 908 1219 943 insufflationem
1243 905 1321 951 Spi-

177 977 261 1011 ritus
284 975 353 1010 Dei
375 974 593 1020 Pamphilus,
619 974 827 1019 (intelligens
850 973 1011 1006 nimirum
1034 985 1098 1018 per
1119 970 1322 1005 insufflatio-

178 1052 266 1079 nem,
292 1038 383 1085 juxta
407 1050 484 1071 cum
509 1035 718 1080 adversariis,
745 1049 830 1082 quos
851 1036 990 1078 refellit,
1013 1035 1099 1069 nihil
1114 1033 1208 1067 aliud
1221 1046 1323 1078 quam

177 1102 286 1147 ipsam
310 1099 456 1134 hominis
488 1099 677 1144 animam)
710 1108 849 1142 negaret
873 1099 916 1132 de
939 1098 1125 1133 substantia
1149 1109 1220 1131 esse
1242 1095 1324 1136 Dei,

178 1164 291 1210 ipsum
318 1162 542 1197 calumniatus
561 1162 666 1196 fuerit
682 1162 924 1211 Hieronymus,
948 1162 1043 1208 quasi
1057 1160 1227 1196 docuisset
1245 1157 1324 1204 Spi-

178 1228 285 1261 ritum
313 1226 400 1268 Dei,
430 1226 567 1260 tertiam
598 1225 797 1259 Divinitatis
828 1238 1030 1271 personam,
1062 1225 1106 1259 de
1139 1221 1325 1257 substantia

179 1290 248 1325 Dei
270 1303 339 1324 non
373 1303 476 1323 esse.«
525 1289 660 1323 Nullibi
692 1288 792 1322 etiam
825 1299 1040 1334 comparent,
1079 1300 1165 1335 quae
1204 1295 1325 1332 postea

179 1352 400 1399 reprehendit
423 1352 664 1399 Hieronymus,
690 1352 822 1386 scilicet
848 1353 993 1387 »animas
1009 1353 1188 1387 homiuum
1213 1353 1323 1399 lapsas

181 1430 252 1451 csse
277 1417 319 1450 de
345 1415 456 1456 coelo,
482 1424 516 1448 et
538 1415 573 1448 in
597 1416 674 1457 hoc,
701 1416 794 1462 quod
818 1429 932 1450 sumus
957 1417 999 1450 de
1024 1417 1149 1460 angelis
1169 1429 1324 1450 commu-

177 1480 250 1522 tati,
274 1480 309 1513 in
330 1478 545 1513 restitutione
571 1474 727 1513 omnium
750 1479 905 1526 aequales
935 1480 1012 1513 fore
1044 1489 1078 1514 et
1100 1479 1255 1523 angelos,
1290 1489 1325 1513 et

181 1545 382 1584 daemones,
415 1551 449 1575 et
479 1542 666 1576 homines«
723 1543 793 1591 Sed
824 1542 905 1576 haec
937 1555 1015 1576 cum
1046 1540 1244 1575 naturaliter
1272 1553 1325 1574 se-

183 1616 330 1652 quantur
354 1619 392 1640 ex
417 1605 675 1652 praeexistentia
707 1605 913 1647 animarum,
943 1618 1046 1652 quam
1069 1616 1226 1638 excusare
1250 1612 1324 1637 ten-

182 1679 230 1703 tat
253 1669 465 1715 Pamphilus,
488 1668 568 1702 inde
594 1681 642 1710 ea,
669 1669 763 1716 quasi
779 1669 807 1704 si
821 1669 910 1704 dicta
926 1670 1080 1713 fuissent,
1103 1669 1321 1714 exprobrasse

181 1732 316 1765 videtur
339 1732 584 1779 Hieronymus.

270 1797 366 1829 Vlll.
413 1796 464 1829 Ex
496 1797 546 1830 his
577 1796 768 1840 intelligere
801 1797 898 1838 licet,
930 1809 1093 1842 quaenam
1123 1796 1167 1830 sit
1198 1796 1323 1830 Hiero-

181 1873 283 1907 nymo
308 1859 391 1892 fides
417 1859 618 1899 adhibenda,
643 1872 720 1892 cum
745 1860 778 1892 in
800 1861 884 1892 hanc
904 1859 1058 1901 Origenis
1073 1859 1321 1894 Desensionem

181 1934 251 1957 tam
275 1923 396 1956 acriter
420 1922 601 1955 invehitur.
649 1922 781 1955 Nullibi
805 1922 869 1956 sibi
889 1931 1020 1955 constat
1035 1932 1168 1956 sauctus
1181 1923 1322 1956 doctor:

180 1988 309 2032 ubique
333 1985 396 2019 sibi
422 1985 625 2021 adversatur.
674 1986 769 2018 Hanc
791 1985 941 2030 primum
969 1986 1098 2018 dixerat
1120 1985 1227 2020 solius
1250 1999 1321 2019 esse

182 2049 366 2095 Pamphili,
391 2058 510 2094 postea
534 2049 639 2081 solius
663 2047 813 2081 Eusebii.
861 2048 972 2081 Modo
999 2061 1071 2082 eam
1088 2048 1239 2082 Eusebio
1263 2049 1324 2081 tri-

181 2114 271 2154 buit,
297 2112 402 2145 modo
429 2112 483 2144 vel
509 2111 680 2157 Didymo,
713 2112 766 2144 vel
792 2111 937 2151 Rufino,
969 2111 1024 2144 vel
1048 2111 1146 2144 alteri
1171 2111 1322 2152 cuilibet,

181 2177 238 2222 qui
262 2175 342 2208 libri
367 2174 470 2219 primi
493 2175 634 2208 Eusebii
659 2175 768 2220 capite
794 2175 1010 2215 detruncato,
1035 2183 1146 2208 cetera
1169 2174 1321 2207 membra

182 2238 327 2272 sociarit.
376 2238 486 2270 Modo
519 2237 602 2270 hauc
635 2250 704 2270 esse
734 2239 779 2270 ait
804 2238 987 2282 ipsummet
1011 2236 1148 2270 Eusebii
1172 2236 1320 2282 primum

183 2302 364 2343 volumen,
398 2302 503 2335 modo
536 2312 683 2336 sextum:
716 2303 820 2336 modo
853 2302 970 2336 eadem
1004 2309 1035 2335 et
1067 2300 1187 2335 iisdem
1211 2299 1321 2334 verbis
