1422 2472
364 92 436 118 pao
463 83 628 118 Omnem:
652 84 879 118 Anmomrxo.
1126 83 1193 120 287

49 172 220 218 Apologia
253 173 304 216 agi
335 174 377 208 de
408 176 498 216 fato',
522 188 582 208 seu
605 173 757 208 mathesi.
805 176 1005 218 Anonymus
1029 184 1150 208 auctor
1174 189 1192 208 a

49 236 90 269 R.
114 235 154 272 P.
177 236 277 282 Lupo
303 236 432 279 editus,
462 238 570 271 refert
602 236 820 283 Pamphilum
846 246 1040 284 martyrem,
1065 246 1098 271 et
1121 237 1192 270 Eu-

49 297 182 332 sebium
216 312 280 344 pro
323 299 582 346 praeexistentia
619 309 654 334 et
687 299 900 334 restitutione
940 299 1056 333 multis
1093 300 1191 333 valde

49 361 328 407 praecedentium
360 363 501 397 Petrum
532 362 735 396 testimoniis
765 374 845 396 usos
880 375 961 396 esse.
1007 362 1106 396 Alter
1135 363 1193 396 de-

48 423 152 470 nique
175 426 374 472 Anonymus
397 439 417 460 a
441 425 628 460 Sirmundo
665 426 774 460 editus
798 427 860 459 sub
884 424 1022 459 nomine
1046 424 1193 459 Praede-

50 487 177 530 stinati,
199 502 301 534 quem
324 489 383 523 alii
409 489 597 524 Arnohium
615 488 795 536 juniorem,
820 487 878 522 alii
893 487 1097 522 Primasium
1122 502 1192 522 esse

52 550 252 595 existimant,
277 552 311 586 in
336 552 395 586 lib.
423 553 453 588 1.
480 553 521 586 de
546 552 760 593 Haeresibus,
785 551 927 586 Haeresi
943 551 1010 593 22..
1035 565 1120 597 quae
1145 561 1194 585 est

51 616 318 662 Appellitarum,
342 615 388 649 ita
412 615 472 650 ait:
499 616 592 650 »Hos
618 615 782 659 Origenes
809 615 856 648 ita
880 615 1032 660 perfecte
1056 628 1195 661 supera-

50 677 117 719 vit,
141 688 179 712 ut
212 692 332 713 eorum
365 692 462 713 causa
491 677 725 727 περιοὸευτής
756 676 949 723 (circuitor)
983 677 1101 718 fieret,
1132 691 1194 723 per

51 741 196 785 singulas
227 752 377 789 quasque
406 743 507 776 urbes
539 755 602 787 per
628 740 808 776 Orientem
834 740 946 773 eundo
970 739 1192 786 praedicaret.

49 803 95 837 Et
119 804 196 849 quia
228 805 488 839 innumerabilia
520 814 598 838 sunt
631 805 871 838 Tractatorum
904 802 975 849 ejus
1006 802 1193 844 volumina,

50 866 213 901 haeretici
244 868 394 914 superati
424 868 530 902 libros
562 867 632 915 ejus
664 867 707 900 ad
730 880 810 901 suos
835 865 953 900 libitus
978 865 1194 899 callidissima

51 930 344 973 argumentatione
367 940 552 973 mutarunt,
577 940 616 964 ut
643 944 729 977 quos
755 929 883 964 vellent
908 929 1078 975 decipere,
1104 929 1195 962 dice-

51 1002 127 1026 rent
155 992 203 1026 ita
235 993 420 1035 Origenem
453 993 520 1027 suis
552 993 833 1039 Expositionibus
859 991 1037 1026 definiisse.
1092 992 1193 1025 Unde

53 1055 247 1102 quicunque
281 1069 388 1101 usque
412 1056 514 1089 hodie
539 1054 723 1098 Origenem
748 1055 845 1097 legit,
876 1055 904 1088 si
928 1054 1089 1100 prudenti
1117 1067 1196 1087 eum

52 1117 151 1150 novit
173 1117 371 1151 recitatione
396 1118 610 1161 distinguere,
636 1116 862 1162 deprehendit
885 1117 962 1149 loca
985 1117 1027 1149 ab
1050 1116 1195 1149 haereti-

54 1180 100 1214 cis
124 1181 299 1214 maculata.
356 1181 462 1225 Quod
492 1180 539 1213 ita
574 1193 644 1213 esse
674 1189 805 1214 sanctus
839 1178 1038 1224 Pamphilus
1069 1188 1196 1226 martyr

52 1242 87 1276 in
112 1256 173 1277 suo
198 1242 427 1288 Apologetico
446 1242 661 1276 declaras-its«
703 1241 748 1274 Et
771 1241 990 1283 Haeresi43.,
1014 1251 1195 1287 postquam

53 1305 138 1339 dixit
161 1315 228 1340 tres
252 1306 355 1339 suisse
381 1306 564 1349 Origenes,
596 1319 701 1338 unum
733 1305 857 1351 Syrum
888 1304 1195 1345 sceleratissimum,

54 1368 114 1414 qui
137 1368 251 1414 turpia
275 1370 452 1412 docuerit3
477 1370 640 1408 alterum,
665 1367 723 1413 qui
748 1376 782 1400 et
806 1375 1022 1401 mortuorum
1047 1380 1196 1401 resurre-

55 1430 202 1465 ctionem
225 1432 384 1475 negabat‚
411 1441 444 1465 et
470 1431 597 1466 Christi
622 1439 809 1464 creaturam
835 1443 905 1463 csse
930 1429 1096 1475 Spiritum
1121 1442 1196 1462 san-

54 1503 146 1528 ctum
171 1493 316 1536 dicebat,
341 1493 534 1539 paradisum
558 1502 672 1526 autem
697 1502 731 1526 et
756 1493 871 1526 coelos
897 1491 1080 1535 allegorice
1106 1492 1196 1525 dicta

56 1569 125 1590 csse
149 1558 348 1597 affirmabat,
373 1557 454 1590 haec
485 1555 671 1602 subjungit:
706 1554 771 1588 »Hi
796 1556 865 1589 duo
897 1555 1061 1598 Origenes
1093 1568 1196 1600 prava

57 1632 209 1666 quaeque
231 1620 447 1665 scripserunt.
496 1618 665 1651 Haeretici
699 1627 732 1650 et
763 1616 913 1663 perversi
947 1617 1105 1650 doctores
1125 1630 1196 1650 *no-

55 1690 125 1714 stro
151 1681 292 1724 Origeni
317 1681 496 1716 Catholico
522 1680 697 1714 tractatori
726 1680 942 1720 miscuerunt,
968 1688 1006 1712 ut
1030 1679 1196 1723 adimple-

56 1752 159 1784 retur,
183 1745 277 1790 quod
300 1744 424 1778 dicitur
447 1757 466 1776 a
489 1743 642 1776 Domino
668 1743 703 1776 in
719 1742 954 1785 Evangeliisz«
982 1742 1194 1786 »»Nonne¹)

58 1806 188 1839 bonum
211 1819 325 1840 semen
350 1806 520 1840 seminasti
547 1806 581 1839 in
607 1819 686 1849 agro
712 1805 799 1838 tuo?
824 1805 923 1838 Unde
949 1817 1027 1846 crgo
1044 1804 1127 1836 haec
1152 1803 1197 1836 zi-

58 1867 174 1902 zania?
196 1868 267 1912 Qui
290 1870 500 1915 respondens
525 1869 588 1902 ait:
622 1868 782 1901 Inimicus
812 1868 916 1901 homo
947 1866 1029 1900 haec
1059 1865 1195 1899 secit.««

60 1931 165 1963 »Ideo
191 1931 281 1964 enim
307 1932 492 1975 Origenem
517 1932 665 1975 legentes
691 1930 880 1964 invenimus
905 1927 1138 1968 Catholicum,
1164 1937 1196 1960 et

61 2002 179 2026 contra
202 1994 354 2027 haereses
379 1994 597 2028 dimicantem
630 2003 664 2027 et
695 1993 904 2026 vincentem:
937 1989 1124 2023 identidem
1149 1991 1197 2022 lc-

60 2064 173 2097 gentcs
198 2055 380 2098 Origenem
412 2056 601 2090 invenimus
631 2055 855 2095 haereticum,
892 2063 926 2087 ct
956 2053 1092 2086 adversa
1116 2052 1197 2084 fidei

60 2117 298 2151 adstruentem.
345 2118 492 2152 Litterae
516 2120 619 2152 verba
642 2118 779 2151 tradunt
802 2126 835 2151 et
851 2126 984 2150 sensus:
1009 2115 1035 2147 si
1058 2123 1198 2160 possent

61 2188 94 2212 et
119 2179 221 2213 facies
246 2180 460 2226 loquentium
484 2182 726 2222 demonstrare,
752 2192 903 2213 errorem
927 2178 1038 2212 nullus
1064 2185 1198 2223 poterat

158 2306 165 2324 ¹
173 2304 189 2349 >
215 2304 284 2339 cfr.
312 2304 433 2339 Maur.
456 2304 554 2345 xm,
577 2304 630 2341 27.
655 2305 708 2341 28.
