1422 2472
378 56 694 90 ORIGEMANORUM
728 57 839 89 LIBER
865 58 928 90 111.
1131 59 1195 95 251

64 146 233 191 praefatus
258 154 317 179 est.
366 145 471 189 Quod
496 146 767 190 praemonendus
793 146 856 178 fuit
881 146 1005 186 lector,
1030 160 1073 179 ne
1097 148 1197 181 mire-

64 217 129 247 tur,
154 207 330 252 quomodo
356 207 502 247 diversa,
528 216 561 239 et
585 220 704 252 parum
729 207 791 240 sibi
818 220 963 250 congrua
986 210 1137 242 membra
1163 210 1196 242 in

62 282 167 302 unum
199 282 324 314 corpus
357 267 589 302 confluxerint.
649 267 802 310 Singulas
834 282 923 302 nunc
953 283 1123 311 seorsum,
1159 284 1197 304 ac

61 330 232 373 sigillatim
258 330 473 363 excutiamus.

151 393 265 426 Prima
287 393 328 425 ab
354 391 509 434 Origenis
540 391 620 424 stilo
646 391 781 436 penitus
812 392 920 425 aliena
945 402 1011 425 est:
1051 393 1196 439 simplex

62 453 121 486 ille
147 463 196 487 est
220 464 253 487 et
276 453 461 493 familiaris,
484 452 615 485 literam
640 453 788 486 breviter
813 453 961 498 exponit,
986 463 1058 487 tum
1081 456 1199 489 transit

62 516 104 548 ad
136 516 332 558 allegorias,
371 524 403 547 et
427 514 655 559 tropologia53
685 515 765 546 haec
789 515 937 547 abundat
960 516 1139 550 schematis
1164 527 1198 551 et

61 578 185 622 tropis,
212 577 300 610 ludit
324 577 357 609 in
382 577 510 616 verbis,
536 585 568 609 et
592 576 690 608 aliter
715 576 860 620 denique
886 577 1072 617 clauditur,
1098 592 1197 623 quam

61 639 228 671 Homilias
253 653 328 671 suas
353 638 515 680 Origenes
541 639 698 670 claudere
722 638 819 670 solet.
852 638 967 670 Nihilo
993 639 1095 682 magis
1121 654 1196 673 cum

61 700 218 742 Origenis
232 700 445 747 dogmatibus
468 699 631 741 congruit.
668 700 781 732 Docet
796 699 960 741 Origenes
974 700 1125 733 Homilia
1144 703 1194 736 14.

60 761 95 794 in
127 762 223 802 Luc.‚
255 761 398 795 Mariam
430 761 554 806 apertis
584 760 673 793 uteri
706 760 857 793 claustris
892 761 1062 794 Christum
1096 763 1197 796 fuisse

61 823 207 864 enixam,
237 833 276 856 ut
304 836 404 867 supra
429 836 489 855 suo
517 822 594 855 loco
627 823 756 855 dictum
789 832 856 855 est:
894 824 1058 856 contraria
1085 825 1197 858 omnia

59 884 120 918 hac
144 885 296 918 Humilia
325 894 527 918 statuuntur.
575 885 679 917 Plane
710 884 823 928 itaque
848 897 918 916 non
955 895 1003 917 est
1029 886 1197 928 Origenis.

59 947 213 980 Latinum
245 947 447 991 scriptorem
476 946 573 979 stilus
604 946 722 988 arguit.
777 947 959 979 Auctorem
992 947 1136 988 divinet,
1169 948 1198 980 si

61 1009 134 1053 quis
165 1009 325 1041 hariolari
356 1017 454 1041 amat.
503 1008 687 1052 Reperitur
716 1007 775 1040 illa
805 1007 840 1040 in
865 1008 1079 1041 Lectionario
1112 1023 1196 1055 quo-

62 1071 138 1102 dam
164 1071 270 1103 veteri
292 1069 525 1103 Bibliothecae
550 1070 683 1111 Regiae.

153 1133 198 1164 At
221 1132 384 1165 mirabilis
409 1141 458 1165 est
483 1144 601 1164 eorum
625 1140 762 1175 stupor,
787 1130 846 1174 qui
869 1131 1050 1164 secundam
1075 1132 1198 1165 Homi-

62 1192 142 1226 liam
168 1192 307 1235 Origeni
331 1193 584 1240 adjudicarunt;
613 1205 690 1224 nam
714 1201 847 1236 praeter
869 1192 987 1226 stilum
1010 1194 1052 1225 ab
1078 1193 1197 1236 Orige—

59 1254 162 1287 niano
186 1255 286 1297 genio
310 1254 559 1293 abhorrentem,
586 1263 618 1286 et
643 1254 825 1286 clausulam
850 1255 890 1286 ab
908 1254 1120 1296 Origenianis
1145 1255 1197 1288 di-

63 1328 208 1357 versam,
238 1317 455 1350 Manichaeos
486 1326 519 1349 et
545 1316 685 1348 Arianos
711 1315 866 1357 Origenis
896 1316 1109 1361 temporibus
1132 1330 1196 1362 po—

59 1378 219 1412 steriores
252 1379 453 1412 nominatim
488 1377 647 1423 appellat.
707 1377 835 1410 Filium
867 1377 960 1410 Patri
997 1376 1197 1424 ὁμοούσιομ

61 1453 131 1473 esse
157 1440 255 1483 dicit;
279 1439 674 1488 DionysiiAreopagitae
700 1452 805 1484 opera
830 1439 919 1479 citat,
945 1453 1021 1472 cum
1040 1440 1196 1483 Origenis

59 1511 148 1535 aetas
171 1502 233 1535 hos
258 1502 364 1535 libros
386 1502 539 1534 nondum
564 1501 711 1534 vidisset.
760 1501 913 1534 Habetur
937 1502 1018 1534 haec
1043 1503 1197 1536 Homilia

60 1564 95 1596 in
128 1565 357 1609 manuscripto
389 1563 622 1595 Bibliothecae
654 1563 777 1605 Regiae
810 1563 937 1596 Codice
971 1565 1059 1596 inter
1088 1565 1196 1598 multa

60 1626 239 1668 Augustini
260 1620 454 1671 Opuscula.
502 1625 556 1657 De
588 1633 725 1657 auctore
763 1634 891 1657 certum
927 1625 1011 1657 nihil
1049 1627 1191 1660 definire

60 1701 210 1733 possum.

149 1751 200 1783 Ne
232 1750 365 1783 tertiam
398 1749 536 1795 quidem
569 1747 709 1790 Origeni
742 1749 904 1792 deputare
935 1749 1059 1790 ausim,
1094 1763 1196 1795 repu-

60 1822 181 1855 gnante
206 1812 354 1846 clausula
379 1821 413 1844 et
443 1811 540 1844 stilo:
573 1809 722 1854 quamvis
754 1811 796 1842 ad
822 1809 1062 1852 Origenianum
1096 1825 1195 1857 sapo-

61 1888 132 1908 rem
172 1875 313 1920 propius
349 1874 486 1907 accedat
522 1886 621 1917 quam
661 1871 852 1916 superiores
893 1872 998 1914 duae;
1036 1875 1196 1918 pauculas

63 1937 152 1969 enim
184 1937 343 1981 quasdam
377 1935 553 1978 allegorias
584 1935 694 1967 habet.
741 1934 873 1966 Primae
906 1942 1018 1967 tamen
1051 1934 1197 1967 similior

64 2006 124 2037 est,
148 2011 248 2043 quam
272 1998 458 2031 secundae:
488 1997 573 2029 adeo
601 1998 716 2030 crebra
742 2006 791 2029 est
816 1996 928 2038 figuris
955 2005 987 2028 et
1011 1995 1196 2037 interroga-

62 2059 221 2093 tionibus.
269 2059 425 2092 Latinum
457 2059 658 2104 scriptorem
691 2059 799 2099 dicas,
837 2068 869 2090 et
904 2058 1042 2102 quidem
1074 2058 1196 2090 Hiero-

63 2134 165 2167 nymo
196 2122 429 2154 recentiorem.
478 2123 572 2155 ldem
606 2132 675 2154 csto
710 2122 751 2153 (le
785 2130 900 2165 quarta
930 2120 1081 2153 Humilia
1110 2120 1193 2166 judi-

65 2183 174 2223 cium,
207 2196 306 2228 quam
332 2184 490 2217 exhibent
521 2197 658 2229 quoque
683 2182 894 2216 Lectionaria
917 2182 1040 2224 Regiae
1066 2182 1197 2216 Biblio-

64 2245 190 2278 thecae.
