1422 2472
382 72 564 104 Apome
590 79 658 104 [vno
686 70 862 104 Omanae.
1127 70 1190 106 311

65 171 139 198 nas,
165 158 222 203 qui
247 159 276 191 ei
313 160 547 204 ministrent¹)
579 160 619 192 ad
651 161 793 192 salutem
825 160 1000 193 hominum
1033 172 1189 193 consum-

63 220 236 252 mandam:
260 221 319 253 sed
344 222 477 266 quando
511 220 566 253 isti
599 220 699 253 creati
732 221 815 261 sint,
843 222 943 266 vel²)
969 222 1100 266 quales,
1132 231 1189 254 aut

63 283 237 326 quomodo
262 283 391 328 sint‚³)
428 296 495 315 non
526 282 604 316 satis
637 282 671 316 in
702 283 882 316 manifesto
915 283 1187 326 distinguitur.⁴)

62 343 115 375 De
139 344 210 376 sole
234 353 358 384 autem,
383 354 415 376 et
440 345 533 384 luna,
560 354 593 377 et
616 343 740 384 stellis,
765 353 878 376 utrum
905 344 1086 378 animantia
1109 345 1186 385 sint,

61 417 101 437 an
115 406 148 450 ⁵)
174 406 332 445 exanima,
356 406 531 439 manifeste
555 419 624 438 non
650 406 802 438 traditur.

150 466 297 511 Oportet
327 467 428 510 igitur
459 468 550 500 velut
564 468 597 512 ⁶)
638 466 812 500 elementis
847 467 930 512 ac7)
961 467 1186 499 fundamentis

61 527 256 572 hujusmodi
280 529 340 568 uti,
364 530 548 562 secundum
572 529 764 561 mandatum
798 529 890 573 quod
916 528 1015 561 dicit:
1055 527 1186 560 illumi-

62 599 136 622 nate
151 591 183 633 ⁸)
217 590 312 623 vobis
348 591 460 623 lumen
492 590 668 623 scientiae:
702 603 780 622 eum
792 590 825 634 ⁹)
859 590 916 634 qui
948 589 1042 634 cupit
1064 589 1185 621 seriem

60 652 225 694 quandam
266 661 299 684 et
334 665 456 696 corpus
492 665 530 684 ex
566 652 688 684 horum
725 653 877 683 omnium
912 650 1044 683 ratione
1082 650 1186 682 confi-

60 725 145 752 cere,
163 714 216 757 ¹⁰)
241 722 279 745 ut
302 713 486 746 manifestis
511 723 543 745 et
567 712 761 745 necessariis
785 712 1024 745 assertionibus
1051 712 1092 744 de
1117 711 1183 744 sin-

59 773 143 815 gulis
159 774 347 818 quibusque
372 773 453 818 quid
473 773 515 807 sit
538 774 572 806 in
597 788 677 807 vero
702 774 852 813 rimetur,
877 783 911 806 et
934 787 1049 813 unum,
1073 781 1110 805 ut
1134 772 1184 805 di-

60 835 177 875 ximus,
201 849 322 880 corpus
348 835 472 868 efficiat
496 836 657 881 exemplis
681 845 715 868 et
731 835 1021 875 affirmationibus,
1045 835 1098 867 vel
1123 834 1183 874 bis,

58 897 196 941 quasin
227 897 348 930 sanctis
377 896 559 941 Scripturis
590 897 775 938 invenerit,
807 899 861 930 vel
892 910 972 942 quas
1004 910 1042 930 ex
1067 908 1182 929 conse<

58 959 213 1003 quentiae
237 959 342 1003 ipsius
367 958 530 1000 indagine,
555 972 592 991 ae
616 959 698 992 recti
723 969 842 991 tenore
866 959 1059 1003 repererim(

146 1019 421 1053 PAMPHULUS.
461 1020 552 1052 Haec
569 1020 706 1064 quidem
725 1021 812 1053 inter
828 1022 838 1041 ¹
852 1022 882 1065 ¹)
900 1019 1064 1065 principia
1081 1020 1182 1064 primi

58 1081 133 1113 libri
158 1084 238 1126 περὶ
263 1080 389 1125 ἀρχῶν
416 1081 588 1122 disseruit,
619 1092 657 1115 ut
688 1083 881 1114 ostenderet
910 1094 994 1126 quae
1024 1081 1090 1114 sint
1112 1081 1181 1120 illa,

57 1155 141 1187 quae
165 1142 339 1175 manifeste
364 1143 397 1175 in
423 1143 645 1176 ecclesiastica
675 1143 926 1187 praedicatione
949 1142 1071 1175 tradita
1093 1152 1180 1181 sunt,

57 1213 90 1236 et
120 1217 204 1248 quae
235 1207 301 1237 sint
332 1217 414 1248 quae
451 1217 519 1236 non
559 1214 674 1249 aperte
714 1204 932 1238 definiuntur.
978 1205 1032 1237 De
1057 1205 1177 1249 quibus

55 1265 192 1308 singulis
214 1266 400 1298 secundum
427 1279 498 1298 eam
524 1266 742 1307 divisionem,
776 1280 874 1311 quam
898 1279 998 1310 supra
1023 1266 1179 1305 ostendit,

55 1327 194 1372 sparsim
219 1327 367 1372 disputat
383 1328 437 1372 ¹²)
462 1327 496 1359 in
522 1328 654 1373 reliquo
681 1341 825 1373 corpore
844 1328 1019 1368 librorum,
1044 1341 1082 1360 ea
1106 1328 1178 1372 qui-

56 1389 151 1428 dem,
181 1401 265 1433 quae
301 1402 339 1422 ex
373 1390 511 1422 definito
545 1390 732 1435 praedicari
761 1391 802 1423 ab
827 1390 968 1422 ecclesia
992 1403 1092 1434 supra
1117 1390 1178 1422 do-

149 1511 180 1554 ¹)
203 1511 266 1543 Ed.
292 1512 419 1556 Redep.
443 1514 652 1546 ministrant.

146 1567 181 1609 ²)
205 1567 448 1599 Desiderantur
479 1567 513 1599 in
546 1568 643 1600 editis
674 1569 720 1611 (v.
754 1582 781 1601 c.
807 1570 881 1601 edd.
906 1569 985 1613 M),
1017 1577 1050 1600 et
1083 1568 1176 1600 resti-

57 1621 194 1644 tuuntur
219 1624 256 1643 ex
282 1613 362 1645 Mss.
388 1613 506 1644 verba:
531 1615 584 1646 vel
608 1615 734 1657 quales.
761 1614 799 1646 R.

145 1667 179 1711 ³)
203 1667 308 1699 Deest
331 1671 401 1702 sint
424 1669 458 1701 in
486 1669 562 1704 edd.
588 1669 636 1702 M.

146 1724 180 1767 4)
201 1723 267 1756 Ed.
292 1724 422 1768 Redep.
446 1727 653 1770 desiqrcaettr.

148 1781 182 1824 ⁵)
206 1780 270 1814 Ed.
293 1781 423 1826 Redep.
447 1794 494 1815 an
517 1783 590 1814 sine
614 1783 742 1823 anima,
766 1782 955 1823 vmnisesle.

148 1837 182 1880 ⁶)
206 1837 311 1869 Deest
335 1839 424 1871 velut
449 1838 483 1870 in
508 1838 560 1870 ed.
586 1838 716 1881 Redep.

147 1892 182 1936 ⁷)
207 1892 269 1925 Ed.
294 1893 424 1938 Redep.
448 1901 489 1927 et.
583 1893 618 1938 8)
643 1893 725 1927 llos.
751 1893 793 1933 X,
820 1892 871 1926 12.

148 1950 182 1992 ⁹)
206 1948 269 1982 Ed.
295 1950 422 1994 Redep.
445 1963 571 1983 omnem
595 1952 663 1994 qui.

132 2005 184 2048 ¹⁰)
208 2005 271 2039 Ed.
295 2005 425 2049 Redep.
446 2009 620 2050 perficere.

132 2060 184 2103 ¹¹)
209 2061 257 2092 Ita
280 2061 360 2093 Mss.
406 2061 499 2094 Editi
523 2075 602 2094 vero
629 2062 676 2107 (e.
702 2074 729 2094 c.
757 2060 833 2093 edd.
857 2059 921 2104 Μ.)
946 2060 983 2092 in
1005 2059 1176 2103 principio

59 2105 162 2150 primi
186 2113 249 2138 etc.
274 2105 313 2137 R.

132 2161 185 2204 ¹²)
209 2160 294 2192 Edd.
327 2161 375 2193 M.
407 2162 566 2205 disputat.
615 2162 657 2195 In
685 2162 817 2205 reliquo
846 2173 924 2194 vero
960 2172 1098 2205 corpore
1120 2179 1174 2201 —,

61 2221 102 2241 c.»
136 2207 326 2251 Scripturis
364 2209 492 2241 sanctis
525 2228 566 2232 -
603 2209 812 2242 constantius
852 2207 982 2240 asserit.
1045 2206 1095 2239 Dc
1125 2206 1174 2238 his

62 2264 137 2287 vero
161 2260 221 2283 etc.
