<?xml version="1.0" encoding="UTF-8"?>
<!DOCTYPE html PUBLIC "-//W3C//DTD XHTML 1.0 Transitional//EN"
    "http://www.w3.org/TR/xhtml1/DTD/xhtml1-transitional.dtd">
<html xmlns="http://www.w3.org/1999/xhtml" xml:lang="en" lang="en">
 <head>
  <title>
</title>
<meta http-equiv="Content-Type" content="text/html;charset=utf-8" />
  <meta name='ocr-system' content='tesseract 3.04.00' />
  <meta name='ocr-capabilities' content='ocr_page ocr_carea ocr_par ocr_line ocrx_word'/>
</head>
<body>
  <div class='ocr_page' id='page_1' title='image "./operaomniaquaegr24orig/operaomniaquaegr24orig_0122.png"; bbox 0 0 1413 2482; ppageno 0'>
   <div class='ocr_carea' id='block_1_1' title="bbox 204 88 1011 125">
    <p class='ocr_par' dir='ltr' id='par_1_1' title="bbox 204 88 1011 125">
     <span class='ocr_line' id='line_1_1' title="bbox 204 88 1011 125; baseline 0 -1"><span class='ocrx_word' id='word_1_1' title='bbox 204 88 269 125; x_wconf 82' lang='lat'>110</span> <span class='ocrx_word' id='word_1_2' title='bbox 546 88 659 124; x_wconf 67' lang='lat' dir='ltr'>rem</span> <span class='ocrx_word' id='word_1_3' title='bbox 683 89 856 123; x_wconf 70' lang='lat' dir='ltr'>DAuoeus</span> <span class='ocrx_word' id='word_1_4' title='bbox 882 89 1011 125; x_wconf 70' lang='lat' dir='ltr'>Huc-ru</span> 
     </span>
    </p>
   </div>
   <div class='ocr_carea' id='block_1_2' title="bbox 189 178 1346 2224">
    <p class='ocr_par' dir='ltr' id='par_1_2' title="bbox 189 178 1346 2224">
     <span class='ocr_line' id='line_1_2' title="bbox 203 178 1345 227; baseline 0.001 -14"><span class='ocrx_word' id='word_1_5' title='bbox 203 180 381 226; x_wconf 82' lang='lat' dir='ltr'>exquisitas</span> <span class='ocrx_word' id='word_1_6' title='bbox 412 178 587 212; x_wconf 84' lang='lat' dir='ltr'>doctrinae</span> <span class='ocrx_word' id='word_1_7' title='bbox 611 191 739 212; x_wconf 79' lang='lat' dir='ltr'>merces</span> <span class='ocrx_word' id='word_1_8' title='bbox 771 192 789 212; x_wconf 93' lang='lat' dir='ltr'>e</span> <span class='ocrx_word' id='word_1_9' title='bbox 813 179 1029 227; x_wconf 71' lang='lat' dir='ltr'>myrotheciia</span> <span class='ocrx_word' id='word_1_10' title='bbox 1059 180 1127 214; x_wconf 78' lang='lat' dir='ltr'>suis</span> <span class='ocrx_word' id='word_1_11' title='bbox 1150 181 1345 226; x_wconf 67' lang='lat' dir='ltr'>depromta:</span> 
     </span>
     <span class='ocr_line' id='line_1_3' title="bbox 201 239 1346 287; baseline 0.001 -12"><span class='ocrx_word' id='word_1_12' title='bbox 201 241 346 276; x_wconf 76' lang='lat' dir='ltr'>indoctis</span> <span class='ocrx_word' id='word_1_13' title='bbox 377 239 571 275; x_wconf 83' lang='lat' dir='ltr'>hominibus</span> <span class='ocrx_word' id='word_1_14' title='bbox 601 241 806 287; x_wconf 80' lang='lat' dir='ltr'>propinavit.</span> <span class='ocrx_word' id='word_1_15' title='bbox 854 244 901 275; x_wconf 87' lang='lat' dir='ltr'>At</span> <span class='ocrx_word' id='word_1_16' title='bbox 931 242 966 275; x_wconf 86' lang='lat' dir='ltr'>in</span> <span class='ocrx_word' id='word_1_17' title='bbox 998 241 1178 276; x_wconf 78' lang='lat' dir='ltr'>elaboratis</span> <span class='ocrx_word' id='word_1_18' title='bbox 1203 242 1346 286; x_wconf 76' lang='lat' dir='ltr'>diligen-</span> 
     </span>
     <span class='ocr_line' id='line_1_4' title="bbox 200 303 1345 350; baseline 0.002 -13"><span class='ocrx_word' id='word_1_19' title='bbox 200 304 282 337; x_wconf 87' lang='lat' dir='ltr'>tiori</span> <span class='ocrx_word' id='word_1_20' title='bbox 307 316 386 336; x_wconf 84' lang='lat' dir='ltr'>cura</span> <span class='ocrx_word' id='word_1_21' title='bbox 410 303 702 338; x_wconf 83' lang='lat' dir='ltr'>lucubrationibus</span> <span class='ocrx_word' id='word_1_22' title='bbox 727 304 928 338; x_wconf 87' lang='lat' dir='ltr'>eruditionis</span> <span class='ocrx_word' id='word_1_23' title='bbox 954 317 1033 338; x_wconf 78' lang='lat' dir='ltr'>suae</span> <span class='ocrx_word' id='word_1_24' title='bbox 1061 305 1271 350; x_wconf 71' lang='lat' dir='ltr'>promtuaria</span> <span class='ocrx_word' id='word_1_25' title='bbox 1292 317 1345 338; x_wconf 86' lang='lat' dir='ltr'>re-</span> 
     </span>
     <span class='ocr_line' id='line_1_5' title="bbox 200 365 1345 412; baseline 0.002 -12"><span class='ocrx_word' id='word_1_26' title='bbox 200 366 332 400; x_wconf 80' lang='lat' dir='ltr'>seravit.</span> <span class='ocrx_word' id='word_1_27' title='bbox 379 365 486 409; x_wconf 84' lang='lat' dir='ltr'>Igitur</span> <span class='ocrx_word' id='word_1_28' title='bbox 509 367 551 399; x_wconf 88' lang='lat' dir='ltr'>de</span> <span class='ocrx_word' id='word_1_29' title='bbox 576 366 734 408; x_wconf 84' lang='lat' dir='ltr'>Graecis,</span> <span class='ocrx_word' id='word_1_30' title='bbox 766 367 822 412; x_wconf 89' lang='lat' dir='ltr'>qui</span> <span class='ocrx_word' id='word_1_31' title='bbox 855 376 1051 412; x_wconf 76' lang='lat' dir='ltr'>supersunt,</span> <span class='ocrx_word' id='word_1_32' title='bbox 1083 367 1178 402; x_wconf 80' lang='lat' dir='ltr'>libris</span> <span class='ocrx_word' id='word_1_33' title='bbox 1208 368 1256 402; x_wconf 86' lang='lat' dir='ltr'>sic</span> <span class='ocrx_word' id='word_1_34' title='bbox 1279 378 1345 402; x_wconf 81' lang='lat' dir='ltr'>sta-</span> 
     </span>
     <span class='ocr_line' id='line_1_6' title="bbox 200 429 1344 475; baseline 0.002 -13"><span class='ocrx_word' id='word_1_35' title='bbox 200 430 365 463; x_wconf 87' lang='lat' dir='ltr'>tuendum</span> <span class='ocrx_word' id='word_1_36' title='bbox 387 438 491 474; x_wconf 86' lang='lat' dir='ltr'>puto,</span> <span class='ocrx_word' id='word_1_37' title='bbox 522 439 561 462; x_wconf 89' lang='lat' dir='ltr'>ut</span> <span class='ocrx_word' id='word_1_38' title='bbox 584 438 794 475; x_wconf 88' lang='lat' dir='ltr'>postremum</span> <span class='ocrx_word' id='word_1_39' title='bbox 820 429 976 463; x_wconf 82' lang='lat' dir='ltr'>ordinem</span> <span class='ocrx_word' id='word_1_40' title='bbox 1001 429 1174 463; x_wconf 75' lang='lat' dir='ltr'>Humiliae</span> <span class='ocrx_word' id='word_1_41' title='bbox 1198 438 1344 472; x_wconf 83' lang='lat' dir='ltr'>teneant,</span> 
     </span>
     <span class='ocr_line' id='line_1_7' title="bbox 199 492 1341 538; baseline 0.001 -12"><span class='ocrx_word' id='word_1_42' title='bbox 199 492 353 538; x_wconf 83' lang='lat' dir='ltr'>priorem</span> <span class='ocrx_word' id='word_1_43' title='bbox 377 492 521 535; x_wconf 82' lang='lat' dir='ltr'>cogitate</span> <span class='ocrx_word' id='word_1_44' title='bbox 546 501 579 525; x_wconf 87' lang='lat' dir='ltr'>et</span> <span class='ocrx_word' id='word_1_45' title='bbox 603 502 730 527; x_wconf 86' lang='lat' dir='ltr'>attente</span> <span class='ocrx_word' id='word_1_46' title='bbox 754 492 878 538; x_wconf 83' lang='lat' dir='ltr'>scripta</span> <span class='ocrx_word' id='word_1_47' title='bbox 898 493 1026 538; x_wconf 80' lang='lat' dir='ltr'>Opera,</span> <span class='ocrx_word' id='word_1_48' title='bbox 1052 492 1244 538; x_wconf 69' lang='lat' dir='ltr'>cujusmodi</span> <span class='ocrx_word' id='word_1_49' title='bbox 1266 503 1341 527; x_wconf 73' lang='lat' dir='ltr'>aunt</span> 
     </span>
     <span class='ocr_line' id='line_1_8' title="bbox 199 554 1342 602; baseline 0.003 -15"><span class='ocrx_word' id='word_1_50' title='bbox 199 554 279 588; x_wconf 84' lang='lat' dir='ltr'>libri</span> <span class='ocrx_word' id='word_1_51' title='bbox 304 564 421 590; x_wconf 90' lang='lat' dir='ltr'>contra</span> <span class='ocrx_word' id='word_1_52' title='bbox 446 555 596 596; x_wconf 79' lang='lat' dir='ltr'>Celsum,</span> <span class='ocrx_word' id='word_1_53' title='bbox 621 565 654 588; x_wconf 84' lang='lat' dir='ltr'>et</span> <span class='ocrx_word' id='word_1_54' title='bbox 677 557 762 601; x_wconf 78' lang='grc' dir='ltr'>περὶ</span> <span class='ocrx_word' id='word_1_55' title='bbox 784 555 922 602; x_wconf 77' lang='grc' dir='ltr'><em>ἀρχῶν,</em></span> <span class='ocrx_word' id='word_1_56' title='bbox 949 565 983 589; x_wconf 86' lang='lat' dir='ltr'>et</span> <span class='ocrx_word' id='word_1_57' title='bbox 1007 555 1121 590; x_wconf 90' lang='lat' dir='ltr'>Tomi.</span> <span class='ocrx_word' id='word_1_58' title='bbox 1167 555 1342 590; x_wconf 81' lang='lat' dir='ltr'>Judicium</span> 
     </span>
     <span class='ocr_line' id='line_1_9' title="bbox 199 617 1342 665; baseline 0.001 -13"><span class='ocrx_word' id='word_1_59' title='bbox 199 617 241 651; x_wconf 87' lang='lat' dir='ltr'>de</span> <span class='ocrx_word' id='word_1_60' title='bbox 265 618 315 652; x_wconf 86' lang='lat' dir='ltr'>his</span> <span class='ocrx_word' id='word_1_61' title='bbox 342 632 441 652; x_wconf 89' lang='lat' dir='ltr'>suum</span> <span class='ocrx_word' id='word_1_62' title='bbox 465 631 662 664; x_wconf 82' lang='lat' dir='ltr'>proponens</span> <span class='ocrx_word' id='word_1_63' title='bbox 686 618 897 664; x_wconf 75' lang='lat' dir='ltr'>Epiphanius</span> <span class='ocrx_word' id='word_1_64' title='bbox 923 618 1023 652; x_wconf 77' lang='lat' dir='ltr'>Haer.</span> <span class='ocrx_word' id='word_1_65' title='bbox 1046 618 1102 655; x_wconf 82' lang='grc'>64.</span> <span class='ocrx_word' id='word_1_66' title='bbox 1127 632 1199 665; x_wconf 86' lang='lat' dir='ltr'>cap.</span> <span class='ocrx_word' id='word_1_67' title='bbox 1225 619 1277 661; x_wconf 85' lang='lat'>5.,</span> <span class='ocrx_word' id='word_1_68' title='bbox 1308 619 1342 653; x_wconf 85' lang='lat' dir='ltr'>in</span> 
     </span>
     <span class='ocr_line' id='line_1_10' title="bbox 199 681 1342 729; baseline 0.002 -14"><span class='ocrx_word' id='word_1_69' title='bbox 199 681 293 714; x_wconf 90' lang='lat' dir='ltr'>omni</span> <span class='ocrx_word' id='word_1_70' title='bbox 318 682 492 728; x_wconf 81' lang='lat' dir='ltr'>Scriptura</span> <span class='ocrx_word' id='word_1_71' title='bbox 516 691 684 728; x_wconf 88' lang='lat' dir='ltr'>perpetuo</span> <span class='ocrx_word' id='word_1_72' title='bbox 711 695 835 726; x_wconf 69' lang='lat' dir='ltr'>errasse</span> <span class='ocrx_word' id='word_1_73' title='bbox 861 681 944 716; x_wconf 84' lang='lat' dir='ltr'>dicit</span> <span class='ocrx_word' id='word_1_74' title='bbox 968 681 1169 726; x_wconf 84' lang='lat' dir='ltr'>Origenem,</span> <span class='ocrx_word' id='word_1_75' title='bbox 1200 694 1342 729; x_wconf 83' lang='lat' dir='ltr'>eamque</span> 
     </span>
     <span class='ocr_line' id='line_1_11' title="bbox 198 742 1344 792; baseline 0.002 -14"><span class='ocrx_word' id='word_1_76' title='bbox 198 742 325 788; x_wconf 81' lang='lat' dir='ltr'>ingenti</span> <span class='ocrx_word' id='word_1_77' title='bbox 355 745 525 779; x_wconf 87' lang='lat' dir='ltr'>librorum</span> <span class='ocrx_word' id='word_1_78' title='bbox 552 745 646 779; x_wconf 89' lang='lat' dir='ltr'>mole</span> <span class='ocrx_word' id='word_1_79' title='bbox 678 745 881 792; x_wconf 81' lang='lat' dir='ltr'>explanasse.</span> <span class='ocrx_word' id='word_1_80' title='bbox 937 745 1027 780; x_wconf 89' lang='lat' dir='ltr'>Tum</span> <span class='ocrx_word' id='word_1_81' title='bbox 1057 746 1243 781; x_wconf 79' lang='lat' dir='ltr'>subnectit:</span> <span class='ocrx_word' id='word_1_82' title='bbox 1277 747 1344 786; x_wconf 72' lang='grc' dir='ltr'>Εἰς</span> 
     </span>
     <span class='ocr_line' id='line_1_12' title="bbox 198 806 1341 857; baseline 0.002 -14"><span class='ocrx_word' id='word_1_83' title='bbox 198 806 353 853; x_wconf 74' lang='grc' dir='ltr'><em>ἑκάστην</em></span> <span class='ocrx_word' id='word_1_84' title='bbox 376 807 530 855; x_wconf 76' lang='grc' dir='ltr'><strong><em>γραφὴν</em></strong></span> <span class='ocrx_word' id='word_1_85' title='bbox 559 807 603 844; x_wconf 82' lang='grc' dir='ltr'>οὐ</span> <span class='ocrx_word' id='word_1_86' title='bbox 633 807 863 857; x_wconf 75' lang='grc' dir='ltr'><em>παρῃτήσατο</em></span> <span class='ocrx_word' id='word_1_87' title='bbox 894 811 1012 846; x_wconf 74' lang='grc' dir='ltr'><em>εἰπεῖν</em></span> <span class='ocrx_word' id='word_1_88' title='bbox 1043 806 1066 844; x_wconf 72' lang='grc' dir='ltr'><em>ἃ</em></span> <span class='ocrx_word' id='word_1_89' title='bbox 1091 809 1187 856; x_wconf 80' lang='grc' dir='ltr'>αὐτῷ</span> <span class='ocrx_word' id='word_1_90' title='bbox 1218 809 1341 850; x_wconf 79' lang='grc' dir='ltr'><em>ἔδοξε·</em></span> 
     </span>
     <span class='ocr_line' id='line_1_13' title="bbox 197 869 1340 919; baseline 0.002 -13"><span class='ocrx_word' id='word_1_91' title='bbox 197 873 260 906; x_wconf 81' lang='grc' dir='ltr'>καὶ</span> <span class='ocrx_word' id='word_1_92' title='bbox 285 869 353 907; x_wconf 83' lang='grc' dir='ltr'>ὅσα</span> <span class='ocrx_word' id='word_1_93' title='bbox 384 871 456 917; x_wconf 82' lang='grc' dir='ltr'>μὲν</span> <span class='ocrx_word' id='word_1_94' title='bbox 480 871 521 906; x_wconf 78' lang='grc' dir='ltr'>ἐν</span> <span class='ocrx_word' id='word_1_95' title='bbox 545 872 818 919; x_wconf 79' lang='grc' dir='ltr'><em>προσομιλίαις,</em></span> <span class='ocrx_word' id='word_1_96' title='bbox 854 874 916 907; x_wconf 80' lang='grc' dir='ltr'>καὶ</span> <span class='ocrx_word' id='word_1_97' title='bbox 948 870 1010 907; x_wconf 76' lang='grc' dir='ltr'>διὰ</span> <span class='ocrx_word' id='word_1_98' title='bbox 1035 873 1109 908; x_wconf 79' lang='grc' dir='ltr'>τῶν</span> <span class='ocrx_word' id='word_1_99' title='bbox 1130 875 1340 919; x_wconf 82' lang='grc' dir='ltr'>προοιμίων</span> 
     </span>
     <span class='ocr_line' id='line_1_14' title="bbox 198 929 1338 980; baseline 0 -10"><span class='ocrx_word' id='word_1_100' title='bbox 198 934 292 980; x_wconf 67' lang='grc' dir='ltr'>εἰς’)</span> <span class='ocrx_word' id='word_1_101' title='bbox 322 929 396 978; x_wconf 73' lang='grc' dir='ltr'>ἤθη</span> <span class='ocrx_word' id='word_1_102' title='bbox 427 946 465 970; x_wconf 84' lang='grc' dir='ltr'>τε</span> <span class='ocrx_word' id='word_1_103' title='bbox 496 934 558 968; x_wconf 81' lang='grc' dir='ltr'>καὶ</span> <span class='ocrx_word' id='word_1_104' title='bbox 588 935 638 973; x_wconf 77' lang='grc' dir='ltr'>εἰς</span> <span class='ocrx_word' id='word_1_105' title='bbox 669 931 798 980; x_wconf 71' lang='grc' dir='ltr'><em>φύσεις</em></span> <span class='ocrx_word' id='word_1_106' title='bbox 827 932 927 975; x_wconf 81' lang='grc' dir='ltr'><em>ζώων</em></span> <span class='ocrx_word' id='word_1_107' title='bbox 958 947 994 970; x_wconf 80' lang='grc' dir='ltr'>τε</span> <span class='ocrx_word' id='word_1_108' title='bbox 1026 936 1088 969; x_wconf 83' lang='grc' dir='ltr'>καὶ</span> <span class='ocrx_word' id='word_1_109' title='bbox 1118 937 1193 970; x_wconf 73' lang='grc' dir='ltr'>τῶν</span> <span class='ocrx_word' id='word_1_110' title='bbox 1217 931 1338 971; x_wconf 70' lang='grc' dir='ltr'><em>ἄλλων</em></span> 
     </span>
     <span class='ocr_line' id='line_1_15' title="bbox 197 994 1338 1044; baseline 0.001 -12"><span class='ocrx_word' id='word_1_111' title='bbox 197 998 344 1044; x_wconf 73' lang='grc' dir='ltr'>εἴρηται,</span> <span class='ocrx_word' id='word_1_112' title='bbox 368 999 482 1044; x_wconf 75' lang='grc' dir='ltr'><em>μέσος</em></span> <span class='ocrx_word' id='word_1_113' title='bbox 505 994 712 1043; x_wconf 79' lang='grc' dir='ltr'><em>φερόμενος</em></span> <span class='ocrx_word' id='word_1_114' title='bbox 728 994 903 1036; x_wconf 74' lang='grc' dir='ltr'><strong><em>πολλάκις</em></strong></span> <span class='ocrx_word' id='word_1_115' title='bbox 921 1000 1097 1042; x_wconf 73' lang='grc' dir='ltr'>χαρίεντα</span> <span class='ocrx_word' id='word_1_116' title='bbox 1115 995 1338 1043; x_wconf 70' lang='grc' dir='ltr'>διηγήσατο·</span> 
     </span>
     <span class='ocr_line' id='line_1_16' title="bbox 198 1055 1339 1105; baseline 0 -11"><span class='ocrx_word' id='word_1_117' title='bbox 198 1056 266 1094; x_wconf 82' lang='grc' dir='ltr'>ὅσα</span> <span class='ocrx_word' id='word_1_118' title='bbox 292 1059 332 1094; x_wconf 79' lang='grc' dir='ltr'>δὲ</span> <span class='ocrx_word' id='word_1_119' title='bbox 356 1060 405 1098; x_wconf 79' lang='grc' dir='ltr'>εἰς</span> <span class='ocrx_word' id='word_1_120' title='bbox 428 1056 598 1104; x_wconf 77' lang='grc' dir='ltr'><strong><em>δόγματα</em></strong></span> <span class='ocrx_word' id='word_1_121' title='bbox 623 1055 862 1104; x_wconf 76' lang='grc' dir='ltr'><em>ἐδογμάτισε,</em></span> <span class='ocrx_word' id='word_1_122' title='bbox 889 1060 951 1092; x_wconf 84' lang='grc' dir='ltr'>καὶ</span> <span class='ocrx_word' id='word_1_123' title='bbox 973 1060 1059 1105; x_wconf 84' lang='grc' dir='ltr'>περὶ</span> <span class='ocrx_word' id='word_1_124' title='bbox 1080 1063 1251 1104; x_wconf 70' lang='grc' dir='ltr'><em>πίστεως,</em></span> <span class='ocrx_word' id='word_1_125' title='bbox 1277 1061 1339 1095; x_wconf 74' lang='grc' dir='ltr'>καὶ</span> 
     </span>
     <span class='ocr_line' id='line_1_17' title="bbox 195 1117 1338 1167; baseline 0.002 -11"><span class='ocrx_word' id='word_1_126' title='bbox 195 1124 361 1167; x_wconf 81' lang='grc' dir='ltr'><em>μείζονος</em></span> <span class='ocrx_word' id='word_1_127' title='bbox 383 1124 549 1167; x_wconf 76' lang='grc' dir='ltr'><strong><em>θεωρίας,</em></strong></span> <span class='ocrx_word' id='word_1_128' title='bbox 575 1121 648 1155; x_wconf 81' lang='grc' dir='ltr'>τῶν</span> <span class='ocrx_word' id='word_1_129' title='bbox 664 1117 816 1155; x_wconf 77' lang='grc' dir='ltr'><em>πάντων</em></span> <span class='ocrx_word' id='word_1_130' title='bbox 833 1118 1048 1154; x_wconf 78' lang='grc' dir='ltr'>ἀτοπώτατα</span> <span class='ocrx_word' id='word_1_131' title='bbox 1071 1122 1146 1157; x_wconf 76' lang='grc' dir='ltr'>τῶν</span> <span class='ocrx_word' id='word_1_132' title='bbox 1168 1121 1241 1167; x_wconf 83' lang='grc' dir='ltr'>πρὸ</span> <span class='ocrx_word' id='word_1_133' title='bbox 1267 1121 1338 1157; x_wconf 77' lang='grc' dir='ltr'>αὖ·</span> 
     </span>
     <span class='ocr_line' id='line_1_18' title="bbox 194 1180 1337 1233; baseline 0.001 -14"><span class='ocrx_word' id='word_1_134' title='bbox 194 1185 271 1228; x_wconf 78' lang='grc' dir='ltr'><em>τοῦ,</em></span> <span class='ocrx_word' id='word_1_135' title='bbox 297 1184 357 1218; x_wconf 78' lang='grc' dir='ltr'>καὶ</span> <span class='ocrx_word' id='word_1_136' title='bbox 380 1181 455 1230; x_wconf 79' lang='grc' dir='ltr'><em>μετ’</em></span> <span class='ocrx_word' id='word_1_137' title='bbox 476 1181 588 1218; x_wconf 80' lang='grc' dir='ltr'><strong><em>αὑτὸν</em></strong></span> <span class='ocrx_word' id='word_1_138' title='bbox 612 1180 826 1228; x_wconf 78' lang='grc' dir='ltr'><strong><em>εὑρίσκεται,</em></strong></span> <span class='ocrx_word' id='word_1_139' title='bbox 851 1181 948 1226; x_wconf 81' lang='grc' dir='ltr'><em>πλὴν</em></span> <span class='ocrx_word' id='word_1_140' title='bbox 971 1184 1045 1218; x_wconf 79' lang='grc' dir='ltr'>τῶν</span> <span class='ocrx_word' id='word_1_141' title='bbox 1069 1184 1110 1219; x_wconf 72' lang='grc' dir='ltr'>ἐν</span> <span class='ocrx_word' id='word_1_142' title='bbox 1133 1188 1213 1224; x_wconf 75' lang='grc' dir='ltr'>ταῖς</span> <span class='ocrx_word' id='word_1_143' title='bbox 1234 1186 1337 1233; x_wconf 78' lang='grc' dir='ltr'><strong><em>αἱρέ-</em></strong></span> 
     </span>
     <span class='ocr_line' id='line_1_19' title="bbox 194 1244 1337 1291; baseline 0 -10"><span class='ocrx_word' id='word_1_144' title='bbox 194 1258 297 1282; x_wconf 80' lang='grc' dir='ltr'>σεσιν</span> <span class='ocrx_word' id='word_1_145' title='bbox 319 1247 600 1291; x_wconf 74' lang='grc' dir='ltr'>αἰσχρουργιῶν.</span> <span class='ocrx_word' id='word_1_146' title='bbox 637 1244 831 1290; x_wconf 87' lang='lat' dir='ltr'>Utrumque</span> <span class='ocrx_word' id='word_1_147' title='bbox 855 1253 967 1278; x_wconf 88' lang='lat' dir='ltr'>autem</span> <span class='ocrx_word' id='word_1_148' title='bbox 991 1244 1216 1291; x_wconf 84' lang='lat' dir='ltr'>scriptionum</span> <span class='ocrx_word' id='word_1_149' title='bbox 1232 1246 1337 1281; x_wconf 85' lang='lat' dir='ltr'>Grae-</span> 
     </span>
     <span class='ocr_line' id='line_1_20' title="bbox 194 1307 1334 1353; baseline 0.003 -12"><span class='ocrx_word' id='word_1_150' title='bbox 194 1322 308 1342; x_wconf 80' lang='lat' dir='ltr'>carum</span> <span class='ocrx_word' id='word_1_151' title='bbox 333 1321 446 1351; x_wconf 82' lang='lat' dir='ltr'>genus,</span> <span class='ocrx_word' id='word_1_152' title='bbox 472 1308 638 1341; x_wconf 86' lang='lat' dir='ltr'>Homilias</span> <span class='ocrx_word' id='word_1_153' title='bbox 658 1307 747 1347; x_wconf 79' lang='lat' dir='ltr'>dico,</span> <span class='ocrx_word' id='word_1_154' title='bbox 773 1316 806 1340; x_wconf 81' lang='lat' dir='ltr'>et</span> <span class='ocrx_word' id='word_1_155' title='bbox 822 1307 927 1341; x_wconf 80' lang='lat' dir='ltr'>libros</span> <span class='ocrx_word' id='word_1_156' title='bbox 944 1321 1007 1353; x_wconf 90' lang='lat' dir='ltr'>per</span> <span class='ocrx_word' id='word_1_157' title='bbox 1023 1308 1132 1341; x_wconf 86' lang='lat' dir='ltr'>otium</span> <span class='ocrx_word' id='word_1_158' title='bbox 1150 1319 1334 1351; x_wconf 80' lang='lat' dir='ltr'>accuratos,</span> 
     </span>
     <span class='ocr_line' id='line_1_21' title="bbox 194 1369 1334 1416; baseline 0.001 -12"><span class='ocrx_word' id='word_1_159' title='bbox 194 1380 227 1404; x_wconf 87' lang='lat' dir='ltr'>et</span> <span class='ocrx_word' id='word_1_160' title='bbox 252 1370 419 1416; x_wconf 89' lang='lat' dir='ltr'>quidquid</span> <span class='ocrx_word' id='word_1_161' title='bbox 445 1370 592 1415; x_wconf 88' lang='lat' dir='ltr'>denique</span> <span class='ocrx_word' id='word_1_162' title='bbox 618 1369 746 1403; x_wconf 80' lang='lat' dir='ltr'>Graece</span> <span class='ocrx_word' id='word_1_163' title='bbox 779 1370 820 1402; x_wconf 84' lang='lat' dir='ltr'>ab</span> <span class='ocrx_word' id='word_1_164' title='bbox 846 1369 993 1412; x_wconf 82' lang='lat' dir='ltr'>Origene</span> <span class='ocrx_word' id='word_1_165' title='bbox 1023 1371 1186 1416; x_wconf 88' lang='lat' dir='ltr'>scriptum</span> <span class='ocrx_word' id='word_1_166' title='bbox 1218 1381 1334 1414; x_wconf 79' lang='lat' dir='ltr'>exstat,</span> 
     </span>
     <span class='ocr_line' id='line_1_22' title="bbox 193 1431 1333 1477; baseline 0.002 -11"><span class='ocrx_word' id='word_1_167' title='bbox 193 1434 293 1476; x_wconf 86' lang='lat' dir='ltr'>longe</span> <span class='ocrx_word' id='word_1_168' title='bbox 328 1433 370 1466; x_wconf 91' lang='lat' dir='ltr'>iis</span> <span class='ocrx_word' id='word_1_169' title='bbox 402 1432 563 1477; x_wconf 81' lang='lat' dir='ltr'>anteponi</span> <span class='ocrx_word' id='word_1_170' title='bbox 600 1431 722 1477; x_wconf 82' lang='lat' dir='ltr'>jubeo,</span> <span class='ocrx_word' id='word_1_171' title='bbox 758 1444 842 1476; x_wconf 89' lang='lat' dir='ltr'>quae</span> <span class='ocrx_word' id='word_1_172' title='bbox 881 1432 916 1464; x_wconf 88' lang='lat' dir='ltr'>in</span> <span class='ocrx_word' id='word_1_173' title='bbox 948 1432 1105 1466; x_wconf 82' lang='lat' dir='ltr'>Latinum</span> <span class='ocrx_word' id='word_1_174' title='bbox 1139 1446 1333 1468; x_wconf 87' lang='lat' dir='ltr'>sermonem</span> 
     </span>
     <span class='ocr_line' id='line_1_23' title="bbox 192 1493 1332 1541; baseline 0.001 -12"><span class='ocrx_word' id='word_1_175' title='bbox 192 1496 344 1529; x_wconf 85' lang='lat' dir='ltr'>derivata</span> <span class='ocrx_word' id='word_1_176' title='bbox 372 1504 469 1535; x_wconf 87' lang='lat' dir='ltr'>sunt,</span> <span class='ocrx_word' id='word_1_177' title='bbox 500 1503 533 1527; x_wconf 91' lang='lat' dir='ltr'>et</span> <span class='ocrx_word' id='word_1_178' title='bbox 564 1493 619 1527; x_wconf 83' lang='lat' dir='ltr'>vel</span> <span class='ocrx_word' id='word_1_179' title='bbox 651 1494 834 1527; x_wconf 80' lang='lat' dir='ltr'>sublestam</span> <span class='ocrx_word' id='word_1_180' title='bbox 867 1495 1092 1541; x_wconf 82' lang='lat' dir='ltr'>interpretum</span> <span class='ocrx_word' id='word_1_181' title='bbox 1120 1495 1246 1538; x_wconf 79' lang='lat' dir='ltr'>fidem,</span> <span class='ocrx_word' id='word_1_182' title='bbox 1278 1498 1332 1530; x_wconf 84' lang='lat' dir='ltr'>vel</span> 
     </span>
     <span class='ocr_line' id='line_1_24' title="bbox 191 1556 1332 1604; baseline 0.003 -14"><span class='ocrx_word' id='word_1_183' title='bbox 191 1557 491 1598; x_wconf 80' lang='lat' dir='ltr'>hallucinationes,</span> <span class='ocrx_word' id='word_1_184' title='bbox 528 1556 582 1589; x_wconf 71' lang='lat' dir='ltr'>vel</span> <span class='ocrx_word' id='word_1_185' title='bbox 617 1566 800 1604; x_wconf 86' lang='lat' dir='ltr'>utrumque</span> <span class='ocrx_word' id='word_1_186' title='bbox 831 1557 1070 1591; x_wconf 88' lang='lat' dir='ltr'>sustinuerunt.</span> <span class='ocrx_word' id='word_1_187' title='bbox 1124 1558 1218 1592; x_wconf 87' lang='lat' dir='ltr'>Inter</span> <span class='ocrx_word' id='word_1_188' title='bbox 1251 1559 1332 1593; x_wconf 84' lang='lat' dir='ltr'>scri-</span> 
     </span>
     <span class='ocr_line' id='line_1_25' title="bbox 191 1618 1333 1667; baseline 0.001 -13"><span class='ocrx_word' id='word_1_189' title='bbox 191 1622 337 1666; x_wconf 87' lang='lat' dir='ltr'>ptiones,</span> <span class='ocrx_word' id='word_1_190' title='bbox 364 1632 450 1666; x_wconf 81' lang='lat' dir='ltr'>quae</span> <span class='ocrx_word' id='word_1_191' title='bbox 473 1618 592 1654; x_wconf 83' lang='lat' dir='ltr'>Latine</span> <span class='ocrx_word' id='word_1_192' title='bbox 616 1631 635 1652; x_wconf 83' lang='lat' dir='ltr'>a</span> <span class='ocrx_word' id='word_1_193' title='bbox 652 1619 832 1653; x_wconf 82' lang='lat' dir='ltr'>Veteribus</span> <span class='ocrx_word' id='word_1_194' title='bbox 857 1633 1038 1654; x_wconf 82' lang='lat' dir='ltr'>conversae</span> <span class='ocrx_word' id='word_1_195' title='bbox 1062 1629 1200 1662; x_wconf 79' lang='lat' dir='ltr'>exstant,</span> <span class='ocrx_word' id='word_1_196' title='bbox 1223 1622 1333 1667; x_wconf 83' lang='lat' dir='ltr'>prima</span> 
     </span>
     <span class='ocr_line' id='line_1_26' title="bbox 190 1681 1330 1729; baseline 0.002 -13"><span class='ocrx_word' id='word_1_197' title='bbox 190 1683 256 1717; x_wconf 89' lang='lat' dir='ltr'>erit</span> <span class='ocrx_word' id='word_1_198' title='bbox 279 1696 395 1717; x_wconf 85' lang='lat' dir='ltr'>earum</span> <span class='ocrx_word' id='word_1_199' title='bbox 420 1681 611 1723; x_wconf 76' lang='lat' dir='ltr'>auctoritas,</span> <span class='ocrx_word' id='word_1_200' title='bbox 635 1695 716 1728; x_wconf 86' lang='lat' dir='ltr'>quas</span> <span class='ocrx_word' id='word_1_201' title='bbox 734 1681 937 1729; x_wconf 86' lang='lat' dir='ltr'>Hieronymi</span> <span class='ocrx_word' id='word_1_202' title='bbox 960 1683 1057 1716; x_wconf 81' lang='lat' dir='ltr'>dedit</span> <span class='ocrx_word' id='word_1_203' title='bbox 1078 1682 1330 1729; x_wconf 81' lang='lat' dir='ltr'>interpretatio:</span> 
     </span>
     <span class='ocr_line' id='line_1_27' title="bbox 190 1744 1331 1792; baseline 0 -13"><span class='ocrx_word' id='word_1_204' title='bbox 190 1755 402 1792; x_wconf 82' lang='lat' dir='ltr'>postremum</span> <span class='ocrx_word' id='word_1_205' title='bbox 424 1745 589 1778; x_wconf 89' lang='lat' dir='ltr'>tenebunt</span> <span class='ocrx_word' id='word_1_206' title='bbox 614 1744 746 1785; x_wconf 90' lang='lat' dir='ltr'>locum,</span> <span class='ocrx_word' id='word_1_207' title='bbox 771 1757 855 1790; x_wconf 82' lang='lat' dir='ltr'>quae</span> <span class='ocrx_word' id='word_1_208' title='bbox 880 1758 898 1778; x_wconf 80' lang='lat' dir='ltr'>a</span> <span class='ocrx_word' id='word_1_209' title='bbox 922 1745 1047 1781; x_wconf 80' lang='lat' dir='ltr'>Rufino</span> <span class='ocrx_word' id='word_1_210' title='bbox 1071 1745 1244 1779; x_wconf 82' lang='lat' dir='ltr'>Latinitati</span> <span class='ocrx_word' id='word_1_211' title='bbox 1269 1747 1331 1780; x_wconf 86' lang='lat' dir='ltr'>do·</span> 
     </span>
     <span class='ocr_line' id='line_1_28' title="bbox 189 1807 1328 1852; baseline -0.001 -10"><span class='ocrx_word' id='word_1_212' title='bbox 189 1818 286 1842; x_wconf 82' lang='lat' dir='ltr'>natae</span> <span class='ocrx_word' id='word_1_213' title='bbox 309 1817 396 1841; x_wconf 80' lang='lat' dir='ltr'>sunt.</span> <span class='ocrx_word' id='word_1_214' title='bbox 443 1809 514 1841; x_wconf 81' lang='lat' dir='ltr'>Nec</span> <span class='ocrx_word' id='word_1_215' title='bbox 538 1807 615 1852; x_wconf 82' lang='lat' dir='ltr'>plus</span> <span class='ocrx_word' id='word_1_216' title='bbox 645 1807 727 1840; x_wconf 81' lang='lat' dir='ltr'>fidei</span> <span class='ocrx_word' id='word_1_217' title='bbox 758 1820 836 1841; x_wconf 85' lang='lat' dir='ltr'>sane</span> <span class='ocrx_word' id='word_1_218' title='bbox 861 1807 968 1841; x_wconf 84' lang='lat' dir='ltr'>veteri</span> <span class='ocrx_word' id='word_1_219' title='bbox 993 1807 1328 1842; x_wconf 84' lang='lat' dir='ltr'>Commentariorum</span> 
     </span>
     <span class='ocr_line' id='line_1_29' title="bbox 190 1868 1327 1916; baseline 0 -12"><span class='ocrx_word' id='word_1_220' title='bbox 190 1870 225 1904; x_wconf 82' lang='lat' dir='ltr'>in</span> <span class='ocrx_word' id='word_1_221' title='bbox 240 1870 450 1904; x_wconf 85' lang='lat' dir='ltr'>Matthaeum</span> <span class='ocrx_word' id='word_1_222' title='bbox 473 1868 669 1914; x_wconf 85' lang='lat' dir='ltr'>interpreti,</span> <span class='ocrx_word' id='word_1_223' title='bbox 695 1869 888 1915; x_wconf 86' lang='lat' dir='ltr'>quicunque</span> <span class='ocrx_word' id='word_1_224' title='bbox 912 1870 1049 1903; x_wconf 86' lang='lat' dir='ltr'>tandem</span> <span class='ocrx_word' id='word_1_225' title='bbox 1064 1869 1124 1903; x_wconf 80' lang='lat' dir='ltr'>ille</span> <span class='ocrx_word' id='word_1_226' title='bbox 1147 1870 1201 1910; x_wconf 82' lang='lat' dir='ltr'>sit,</span> <span class='ocrx_word' id='word_1_227' title='bbox 1227 1884 1327 1916; x_wconf 80' lang='lat' dir='ltr'>quam</span> 
     </span>
     <span class='ocr_line' id='line_1_30' title="bbox 190 1931 1328 1977; baseline 0.001 -11"><span class='ocrx_word' id='word_1_228' title='bbox 190 1933 315 1966; x_wconf 81' lang='lat' dir='ltr'>Rufino</span> <span class='ocrx_word' id='word_1_229' title='bbox 339 1931 570 1965; x_wconf 80' lang='lat' dir='ltr'>adhibendum</span> <span class='ocrx_word' id='word_1_230' title='bbox 592 1941 651 1965; x_wconf 76' lang='lat' dir='ltr'>est.</span> <span class='ocrx_word' id='word_1_231' title='bbox 698 1932 802 1964; x_wconf 91' lang='lat' dir='ltr'>lllum</span> <span class='ocrx_word' id='word_1_232' title='bbox 825 1932 854 1964; x_wconf 78' lang='lat' dir='ltr'>si</span> <span class='ocrx_word' id='word_1_233' title='bbox 877 1932 919 1964; x_wconf 87' lang='lat' dir='ltr'>ad</span> <span class='ocrx_word' id='word_1_234' title='bbox 938 1931 1117 1972; x_wconf 82' lang='lat' dir='ltr'>Graecum,</span> <span class='ocrx_word' id='word_1_235' title='bbox 1142 1945 1244 1977; x_wconf 83' lang='lat' dir='ltr'>quem</span> <span class='ocrx_word' id='word_1_236' title='bbox 1269 1933 1328 1967; x_wconf 82' lang='lat' dir='ltr'>da-</span> 
     </span>
     <span class='ocr_line' id='line_1_31' title="bbox 189 1993 1325 2039; baseline 0.001 -11"><span class='ocrx_word' id='word_1_237' title='bbox 189 2008 275 2035; x_wconf 83' lang='lat' dir='ltr'>mus,</span> <span class='ocrx_word' id='word_1_238' title='bbox 300 2003 494 2027; x_wconf 86' lang='lat' dir='ltr'>contextum</span> <span class='ocrx_word' id='word_1_239' title='bbox 512 1995 669 2036; x_wconf 85' lang='lat' dir='ltr'>exegeris,</span> <span class='ocrx_word' id='word_1_240' title='bbox 694 1994 787 2026; x_wconf 90' lang='lat' dir='ltr'>Deus</span> <span class='ocrx_word' id='word_1_241' title='bbox 803 1993 903 2033; x_wconf 87' lang='lat' dir='ltr'>boue,</span> <span class='ocrx_word' id='word_1_242' title='bbox 928 1993 1020 2038; x_wconf 88' lang='lat' dir='ltr'>quod</span> <span class='ocrx_word' id='word_1_243' title='bbox 1039 1993 1325 2039; x_wconf 85' lang='lat' dir='ltr'>interpretationis</span> 
     </span>
     <span class='ocr_line' id='line_1_32' title="bbox 191 2044 1324 2100; baseline 0 -9"><span class='ocrx_word' id='word_1_244' title='bbox 191 2066 379 2090; x_wconf 84' lang='lat' dir='ltr'>monstrum</span> <span class='ocrx_word' id='word_1_245' title='bbox 412 2055 618 2100; x_wconf 81' lang='lat' dir='ltr'>comperies!</span> <span class='ocrx_word' id='word_1_246' title='bbox 666 2055 770 2087; x_wconf 83' lang='lat' dir='ltr'>Totas</span> <span class='ocrx_word' id='word_1_247' title='bbox 801 2055 957 2100; x_wconf 80' lang='lat' dir='ltr'>paginas,</span> <span class='ocrx_word' id='word_1_248' title='bbox 990 2044 1061 2088; x_wconf 62' lang='lat' dir='ltr'>tola</span> <span class='ocrx_word' id='word_1_249' title='bbox 1091 2056 1175 2090; x_wconf 78' lang='lat' dir='ltr'>solia</span> <span class='ocrx_word' id='word_1_250' title='bbox 1207 2067 1324 2098; x_wconf 78' lang='lat' dir='ltr'>assuta,</span> 
     </span>
     <span class='ocr_line' id='line_1_33' title="bbox 190 2112 1325 2162; baseline -0.002 -8"><span class='ocrx_word' id='word_1_251' title='bbox 190 2129 262 2154; x_wconf 88' lang='lat' dir='ltr'>tota</span> <span class='ocrx_word' id='word_1_252' title='bbox 285 2119 432 2152; x_wconf 82' lang='lat' dir='ltr'>detracta</span> <span class='ocrx_word' id='word_1_253' title='bbox 457 2117 698 2162; x_wconf 87' lang='lat' dir='ltr'>deprehendes.</span> <span class='ocrx_word' id='word_1_254' title='bbox 746 2116 837 2149; x_wconf 85' lang='lat' dir='ltr'>Haec</span> <span class='ocrx_word' id='word_1_255' title='bbox 862 2116 949 2149; x_wconf 84' lang='lat' dir='ltr'>inter</span> <span class='ocrx_word' id='word_1_256' title='bbox 966 2117 1214 2152; x_wconf 79' lang='lat' dir='ltr'>observandum</span> <span class='ocrx_word' id='word_1_257' title='bbox 1228 2112 1325 2153; x_wconf 72' lang='lat' dir='ltr'>&#39;illud</span> 
     </span>
     <span class='ocr_line' id='line_1_34' title="bbox 192 2178 1323 2224; baseline -0.003 -8"><span class='ocrx_word' id='word_1_258' title='bbox 192 2183 291 2216; x_wconf 80' lang='lat' dir='ltr'>etiam</span> <span class='ocrx_word' id='word_1_259' title='bbox 316 2180 494 2214; x_wconf 81' lang='lat' dir='ltr'>discrimen</span> <span class='ocrx_word' id='word_1_260' title='bbox 521 2188 579 2219; x_wconf 85' lang='lat' dir='ltr'>est,</span> <span class='ocrx_word' id='word_1_261' title='bbox 603 2178 766 2224; x_wconf 81' lang='lat' dir='ltr'>majorem</span> <span class='ocrx_word' id='word_1_262' title='bbox 792 2191 908 2211; x_wconf 78' lang='lat' dir='ltr'>eorum</span> <span class='ocrx_word' id='word_1_263' title='bbox 935 2191 1005 2212; x_wconf 88' lang='lat' dir='ltr'>esse</span> <span class='ocrx_word' id='word_1_264' title='bbox 1023 2180 1191 2214; x_wconf 89' lang='lat' dir='ltr'>librorum</span> <span class='ocrx_word' id='word_1_265' title='bbox 1207 2190 1323 2215; x_wconf 83' lang='lat' dir='ltr'>aucto—</span> 
     </span>
    </p>
   </div>
   <div class='ocr_carea' id='block_1_3' title="bbox 288 2299 1040 2351">
    <p class='ocr_par' dir='ltr' id='par_1_3' title="bbox 288 2299 1040 2351">
     <span class='ocr_line' id='line_1_35' title="bbox 288 2299 1040 2351; baseline 0 -13"><span class='ocrx_word' id='word_1_266' title='bbox 288 2307 318 2351; x_wconf 89' lang='lat'>¹)</span> <span class='ocrx_word' id='word_1_267' title='bbox 344 2305 429 2338; x_wconf 87' lang='lat' dir='ltr'>Edd.</span> <span class='ocrx_word' id='word_1_268' title='bbox 454 2304 555 2338; x_wconf 82' lang='lat' dir='ltr'>Huet.</span> <span class='ocrx_word' id='word_1_269' title='bbox 580 2304 628 2342; x_wconf 74' lang='grc' dir='ltr'>εἰς</span> <span class='ocrx_word' id='word_1_270' title='bbox 651 2299 722 2346; x_wconf 78' lang='grc' dir='ltr'>ἤθη</span> <span class='ocrx_word' id='word_1_271' title='bbox 747 2305 807 2338; x_wconf 80' lang='grc' dir='ltr'>καὶ</span> <span class='ocrx_word' id='word_1_272' title='bbox 832 2304 880 2343; x_wconf 74' lang='grc' dir='ltr'>εἰς</span> <span class='ocrx_word' id='word_1_273' title='bbox 904 2301 1040 2349; x_wconf 64' lang='grc' dir='ltr'><em>φύσεις.</em></span> 
     </span>
    </p>
   </div>
  </div>
 </body>
</html>
