1413 2482
185 106 251 142 162
519 105 633 138 Pss'riu
657 105 833 139 omaus
857 105 989 139 Humn

184 205 393 239 gumentum,
426 194 656 228 Homiliarum
690 196 724 228 in
750 195 868 228 lsaiam
894 209 966 229 nouv
986 209 1080 230 secus
1104 198 1322 244 interpretem

184 272 254 293 esse
280 259 540 302 Hieronymum,
565 269 603 289 ac
627 257 855 290 Honiiliarum
880 257 913 290 in
927 258 1125 293 Jeremiam.
1159 261 1321 294 Profecto

184 334 315 354 caussae
348 318 412 350 suit
443 318 498 350 hic
531 331 644 359 error,
683 332 742 352 cur
774 330 946 364 postrema
977 333 1052 365 pars
1085 321 1254 357 Homiliae
1289 324 1322 356 in

184 383 304 416 isaiam
329 394 439 413 nonae
463 380 682 415 interciderit.

276 444 335 477 IX.
384 443 649 476 observavimus
673 457 774 488 supra
801 445 949 489 quinque
983 454 1016 477 et
1045 445 1266 490 quadraginta
1288 447 1322 480 in

182 506 366 541 Jeremiam
399 505 566 538 Homilias
601 505 785 547 Origenem
819 506 982 539 elimasse.
1039 507 1089 539 Ex
1114 507 1240 550 ingenti
1261 509 1323 542 hac

183 569 412 604 Homilias-um
440 577 530 600 strue
564 568 824 612 quatuordecim
853 569 970 601 Latine
1000 569 1126 602 refudit
1156 570 1324 617 Hierony-

181 645 276 671 mus,
306 641 344 664 ut
374 630 447 674 ipse
481 630 523 662 de
554 642 589 661 se
620 639 760 662 testatur
791 629 824 662 in
856 631 1071 664 praefatione
1095 632 1323 666 Homiliarum

183 692 339 736 Origeuis
364 693 396 724 in
420 691 655 731 Ezechielem,
690 701 724 724 et
754 693 787 730 in
821 692 909 724 libro
942 695 984 727 de
1016 693 1172 738 scriptor.
1203 694 1322 728 eccles.

183 769 255 800 cap.
283 754 357 789 135.
405 754 654 787 Novemdecim
685 754 815 787 Graece
846 754 956 788 edidit
986 755 1161 788 Balthasar
1192 756 1322 789 Corde-

182 818 250 851 rius
276 830 294 850 e
319 816 525 850 Scorialensi
549 815 781 856 Bibliotheca,
812 830 974 862 suamque
1005 817 1322 862 interpretationem

182 879 342 926 adjunxit.
393 877 512 924 Cyrilli
539 891 618 910 vero
644 878 799 922 praefixit
823 892 959 918 nomen,
984 879 1148 924 deceptus
1170 880 1212 913 ab
1236 880 1322 913 anti-

181 954 249 987 quo
276 941 424 980 Codice,
455 940 605 986 optimae
637 941 836 985 ceteroquin
867 951 978 974 notae.
1033 942 1120 974 Istae
1143 943 1322 975 nominum

182 1003 464 1037 commutationes
497 1016 536 1035 ex
569 1015 610 1035 eo
647 1003 803 1035 oriuntur
834 1016 1013 1048 persaepe,
1045 1004 1136 1048 quod
1170 1007 1205 1037 in
1230 1005 1321 1037 idem

181 1075 359 1111 compacta
389 1064 551 1101 volumen
581 1064 727 1108 plurima
757 1064 927 1097 variorum
958 1079 1081 1109 opera,
1117 1066 1239 1110 partim
1263 1080 1321 1100 au-

181 1138 314 1161 ctorum
339 1139 478 1159 suorum
502 1125 663 1170 inscripta
687 1125 900 1166 nominibus,
930 1128 1053 1171 partim
1079 1128 1255 1168 destituta,
1280 1129 1320 1162 li-

180 1190 311 1224 brarios
335 1188 435 1221 facile
460 1188 595 1230 fallant,
630 1198 799 1221 carentem
833 1188 979 1221 auctoris
1006 1189 1057 1221 sui
1080 1190 1219 1223 nomine
1241 1191 1322 1224 scri-

178 1253 333 1298 ptionem
358 1251 400 1284 ad
427 1251 574 1283 eundem
598 1250 769 1295 pertinere
800 1252 975 1284 credentes
1004 1260 1196 1293 auctorem,
1227 1252 1322 1298 cujus

179 1328 306 1348 nomen
331 1325 411 1358 prae
437 1325 470 1345 se
496 1313 562 1345 fert
585 1312 725 1357 scriptio
750 1312 904 1356 proxime
929 1314 1141 1346 antecedens.
1184 1316 1262 1348 Non
1286 1315 1320 1348 in

179 1378 232 1410 his
256 1389 337 1409 vero
365 1376 534 1415 duntaxat,
558 1375 617 1407 sed
642 1374 675 1406 in
701 1373 774 1406 aliis
791 1374 890 1406 etiam
912 1375 1216 1416 lucubrationibus,
1240 1377 1320 1410 Ori-

180 1438 272 1481 genis
295 1450 422 1470 nomen
447 1450 523 1469 cum
545 1436 666 1483 Cyrilli
690 1435 827 1468 nomine
852 1436 1054 1481 permistum
1078 1449 1116 1469 ac
1140 1438 1319 1471 confusum

180 1510 238 1534 est.
287 1499 465 1533 Sexdecim
503 1497 659 1539 Origenis
690 1497 858 1530 Homilias
890 1499 924 1530 in
950 1497 1140 1531 Leviticum
1169 1509 1317 1533 vetustae

180 1562 300 1608 Cyrilli
324 1562 448 1594 liabent
472 1559 648 1600 editiones,
675 1569 708 1592 et
729 1560 857 1606 Cyrillo
883 1560 1087 1593 adscribunt.
1135 1561 1319 1595 Commen-

177 1624 300 1657 tarium
336 1623 504 1668 quendam
538 1622 573 1654 in
605 1622 771 1661 Marcum3
810 1623 976 1667 (quem’)
1017 1621 1200 1667 aliquando
1240 1636 1318 1656 cum

177 1685 256 1718 Deo
289 1685 419 1730 publici
450 1684 531 1730 juris
567 1682 771 1729 faciemus)
804 1684 945 1727 Origeni
984 1684 1130 1718 Codices
1169 1684 1317 1730 quidam,

179 1747 309 1794 Cyrillo
335 1746 514 1786 nonnulli,
545 1746 678 1780 Victori
710 1746 926 1780 Antiocheno
952 1746 1010 1778 alii
1034 1746 1197 1779 tribuunt.
1246 1748 1316 1781 No-

177 1807 368 1842 vemdecim
401 1808 515 1852 itaque
549 1807 716 1842 Homilias
749 1807 883 1854 Cyrillo
921 1820 1100 1853 perperam
1131 1809 1316 1854 adscriptas

178 1869 380 1903 Adamantio
404 1869 627 1902 restituendas
651 1868 839 1914 judicamus
871 1869 936 1901 hoc
968 1878 1185 1911 argumento,
1222 1871 1316 1915 quod

173 1931 262 1965 inter
287 1931 547 1976 quatuordecim
572 1930 728 1973 Origenis
744 1930 912 1964 Homilias
936 1931 977 1962 ab
997 1930 1208 1976 Hieronymo
1235 1945 1316 1965 con-

175 2006 284 2026 versas
310 1992 493 2026 duodecim
521 2006 558 2025 ex
583 1992 623 2025 iis
648 1992 878 2037 reperiantur,
915 2004 996 2036 quas
1027 1991 1157 2024 Graece
1182 1992 1315 2027 Corde-

172 2056 241 2089 rius
265 2054 461 2101 publicavit.
511 2054 654 2086 Accedit
683 2053 837 2087 Vaticani
869 2053 1007 2086 Codicis
1031 2054 1231 2095 auctoritas,
1255 2056 1312 2089 has

172 2117 262 2163 ipsas
285 2114 521 2151 novemdecim
546 2114 579 2147 in
603 2115 786 2147 Jeremiam
816 2114 982 2148 Homilias
1007 2115 1150 2156 habens,
1176 2125 1209 2149 et
1229 2112 1311 2152 'Ori-

260 2296 292 2339 ¹)
321 2297 499 2339 Nunquam
522 2294 609 2328 hunc
636 2294 926 2328 commentarium
953 2295 1059 2328 edidit
1085 2296 1236 2330 Huetius.
1263 2298 1302 2330 R.
