1413 2482
164 64 230 99 120
501 64 612 98 Perm
638 64 809 98 nameus
836 65 970 100 Hom-11

163 167 248 200 quae
273 155 338 187 sibi
356 155 558 186 videbantur
585 154 738 195 obscura,
764 154 924 188 brevibus
949 155 1154 201 quibusdam
1177 165 1319 190 annota-

161 216 313 249 tionibus
337 215 531 248 summatim
556 215 834 260 perstringebat.«
871 216 989 262 Inepte
1014 226 1167 263 uterque.
1208 219 1318 253 Scho-

163 278 235 311 lion
262 276 502 311 diminutivum
528 287 578 310 est
601 290 619 310 a
643 278 771 313 schola.
821 278 946 312 Schola
971 278 1103 314 Graece
1127 289 1162 314 et
1184 281 1316 323 Latine,

162 348 299 386 praeter
323 339 473 381 vulgatas
499 339 771 381 significationes,
799 341 1073 375 lucubrationem
1091 341 1191 376 etiam
1208 353 1305 377 sonat

165 413 250 446 quae
277 401 318 434 de
343 413 379 434 re
405 400 515 446 aliqua
547 414 611 447 pcr
642 402 750 435 otium
785 402 990 438 elaboratur.
1037 403 1205 438 Scholion
1240 418 1320 449 ergo

164 476 305 509 parvam
342 462 495 497 scholam
540 464 723 507 significat,
766 465 832 498 hoc
868 474 935 499 est:
979 465 1320 501 lucubratiunculam.

166 524 353 572 Speciatim
386 538 469 559 vero
503 524 642 560 Scholia
680 527 897 573 appellantur
929 527 1235 570 commentarioli,
1266 528 1322 563 vel

165 587 506 622 Dissertatiunculae.
560 588 741 623 Praeterea
774 590 926 636 excerpti
958 603 996 624 ex
1031 599 1171 625 auctore
1203 589 1320 636 aliquo

166 651 237 684 loci
263 651 424 684 dicuntur
449 649 604 691 Scholia,
639 651 831 699 cujusmodi
856 665 893 686 cx
919 652 1128 696 Evangelio,
1152 665 1222 698 quo
1247 662 1324 687 ute-

167 715 268 748 batur
293 713 470 754 Marcion,
494 713 662 747 nonnulla
686 704 877 760 depromsit
899 714 1113 761 Epiphanius
1137 714 1238 750 Haer.
1255 715 1326 756 42..

171 786 204 809 et
243 775 383 810 Scholia
418 775 616 821 appellavit.
666 777 780 822 Atque
820 777 902 810 haec
931 776 1075 820 ,Scholia
1105 777 1225 811 Latine
1257 777 1325 810 Ex-

171 848 286 883 ecrpta
311 838 451 883 proprie
477 838 646 872 dicuntur.
683 839 777 873 Male
802 848 915 873 autem
939 840 1006 873 hoc
1029 839 1171 873 nornine
1197 839 1325 873 afficias

169 903 290 934 breves
316 901 565 945 expositiones,
599 910 632 934 et
657 901 929 936 dissertationes:
968 903 1063 947 quod
1095 911 1208 936 tamen
1234 903 1325 936 fece-

168 973 248 996 runt
273 962 505 1009 Hieronymus
538 973 572 997 ct
596 962 769 1005 Rufinuss
801 977 877 997 cum
911 964 1071 1008 Origenis
1105 965 1326 1000 Commenta-

170 1026 278 1059 riolos
303 1025 339 1058 in
357 1024 570 1070 Scripturam
582 1026 750 1071 Execrpta
776 1026 950 1070 dixerunt;
975 1040 1077 1061 omne
1102 1028 1325 1063 scholiorum

171 1101 276 1131 genus
311 1088 486 1121 communi
517 1088 768 1132 Excerptorum
801 1090 970 1123 vocabulo
1009 1090 1194 1132 donantes,
1232 1091 1326 1136 quod

171 1152 212 1184 ad
240 1160 366 1184 certam
391 1150 561 1195 quandam
583 1151 732 1196 speciem
751 1161 823 1184 erat
836 1153 1117 1195 restringendum.
1154 1154 1200 1187 At
1216 1166 1326 1199 quon-

170 1214 238 1247 iam
261 1213 421 1247 brevibus
446 1213 621 1246 sententiis
647 1213 727 1246 haec
752 1214 891 1248 Scholia
917 1215 1094 1258 Origenis,
1126 1215 1197 1249 sive
1222 1215 1326 1250 Com-

172 1276 368 1309 mentarioli
394 1275 698 1316 concludebantur,
722 1276 852 1311 idcirco
878 1277 1130 1312 Commaticum
1157 1277 1327 1324 interpre-

172 1339 311 1372 tationis
343 1351 446 1381 genus
480 1350 517 1371 ea
549 1337 778 1385 Hieronymus
810 1340 970 1385 appellat.
1026 1340 1189 1377 Prooem.
1221 1342 1326 1376 Com-

172 1410 275 1435 ment.
301 1401 337 1434 in
361 1400 485 1434 Matth.
530 1401 691 1442 »Legisse
714 1414 770 1434 mc
795 1402 925 1443 fateor,
957 1401 1087 1448 inquit,
1119 1413 1195 1438 ante
1218 1418 1325 1440 annos

173 1464 342 1509 plurimos
367 1463 403 1497 in
417 1462 630 1498 Matthaeum
646 1462 803 1506 Origenis
828 1464 947 1507 viginti
971 1465 1119 1511 quinque
1136 1467 1325 1510 volumina,

175 1536 208 1560 et
231 1526 377 1559 totidem
404 1524 474 1571 ejus
491 1525 671 1566 Homilias‚
689 1525 1009 1573 Commaticumque
1033 1528 1326 1575 interpretationis

175 1603 277 1633 genus
293 1606 309 1621 ιι
348 1590 393 1622 Et
417 1589 578 1622 Proocm.
606 1588 800 1623 Comment.
825 1589 858 1622 in
885 1590 982 1636 epist.
1006 1591 1049 1624 ad
1074 1591 1184 1625 Galat.
1211 1593 1325 1627 „Scri-

175 1653 243 1698 psit
269 1652 359 1685 cnim
386 1651 445 1684 ille
471 1651 522 1685 vir
547 1651 763 1697 (Origenes)
795 1652 826 1685 in
861 1653 1039 1698 epistolam
1065 1654 1164 1687 Pauli
1188 1655 1231 1688 ad
1256 1656 1326 1689 Ga-

175 1716 258 1748 latas
291 1715 440 1760 quinque
466 1715 605 1760 propria
631 1715 824 1756 volumina,
859 1726 890 1749 ct
915 1716 1087 1750 decimum
1111 1718 1323 1752 stromatum

175 1791 315 1811 suorum
351 1777 474 1810 librum
506 1778 711 1811 commatico
744 1792 845 1824 super
882 1779 1117 1824 explanatione
1152 1779 1224 1825 ejus
1255 1794 1324 1814 ser-

176 1853 278 1874 mone
305 1840 504 1885 complevit.
553 1840 659 1884 Quod
692 1841 738 1874 ita
765 1841 936 1884 intelligo:
974 1841 1113 1876 Scholia
1137 1841 1171 1875 in
1198 1842 1326 1888 episto-

176 1904 245 1936 lam
281 1903 321 1935 ad
349 1902 485 1935 Galatas
518 1903 653 1936 decimo
679 1904 890 1938 stromatum
914 1918 1054 1939 suorum
1087 1904 1176 1937 libro
1210 1904 1323 1950 ipsum

177 1965 386 2000 inseruisse«
445 1965 584 1998 Scholia
615 1978 697 1998 vero
735 1968 777 1999 ad
813 1980 985 2000 sacrorum
1024 1967 1191 2001 librorum
1229 1980 1323 2002 oram

179 2028 358 2063 attexuisse
390 2027 594 2070 origenem,
636 2028 785 2062 ostendit
816 2030 903 2063 liber
934 2029 1177 2064 vetustissimus
1201 2030 1322 2064 Renati

179 2090 365 2131 Marchali‚
396 2103 464 2136 quo
497 2090 713 2124 continentur
744 2091 931 2138 prophetae
965 2105 1100 2133 omnes,
1134 2085 1258 2138 quiqu'e
1287 2092 1323 2127 in

182 2153 328 2196 Collegii
359 2151 556 2187 Parisiensis
587 2153 767 2187 Societatis
798 2155 881 2188 Jesu
917 2155 1126 2189 bibliotheca
1159 2164 1321 2198 servatur,

181 2226 215 2250 et
240 2215 332 2262 cujus
355 2228 490 2250 usuram
515 2215 754 2250 humanissime
778 2217 861 2251 mihi
887 2218 1053 2253 concessit
1077 2217 1220 2251 Gabriel
1237 2217 1321 2252 Cos-

181 2279 301 2315 sartius
327 2277 551 2325 amplissimae
577 2278 655 2313 huic
688 2279 916 2317 bibliothecae
940 2282 1150 2329 praefectus,
1179 2281 1320 2327 βιβλιο-
