1413 2482
176 70 221 104 fio
511 72 622 105 Perat
649 72 823 105 DAMEms
849 73 981 106 [lemn

176 173 213 196 ut
238 163 349 196 dicere
376 161 663 206 praetermittam,
696 176 795 207 quam
831 163 902 195 leve
937 163 979 195 sit
1012 173 1246 205 argumentum
1281 176 1318 195 ex

176 224 372 264 Sozomvni,
397 244 438 248 —
465 223 518 255 cui
545 232 577 255 et
610 224 803 256 Ceth-enum
836 225 960 256 addere
992 225 1107 269 potuit
1134 246 1192 264 -,
1216 225 1317 257 silen-

176 287 224 320 tio
251 287 407 332 petitum,
433 296 551 318 contra
574 286 743 325 Socratis,
777 286 899 319 Leonis
925 287 1157 332 imperatoris,
1183 287 1318 321 Simeo-

177 350 227 382 nis
255 349 520 393 memphi-astae,
545 357 580 381 et
605 347 793 392 Nicephori
817 349 1069 389 anctoiitatem,
1094 349 1191 382 tollit
1215 363 1317 382 omne

176 412 317 444 dubium
351 410 514 457 Polybius
550 410 584 442 i‹l
620 410 730 455 ipsum
761 405 1020 456 asserenssqui
1051 411 1101 444 rei
1132 420 1243 453 gestae
1267 411 1315 443 in-

178 473 304 507 tersuit.

265 535 340 567 XV.
389 535 460 566 Hac
489 544 690 580 tempestate
725 535 1028 580 Constantinopoli
1061 537 1204 578 agebant
1230 537 1315 568 Aca-

175 598 246 630 cius
282 597 502 637 Beroeensis‚
537 597 737 631 Severianus
775 598 1014 639 Gabalitanus,
1060 607 1094 631 et
1130 597 1317 630 Antiochus

175 659 400 692 ptolemaidis
426 659 597 704 episcopi,
631 669 664 692 et
698 660 845 704 Syrulus
870 661 1054 693 monachus
1081 661 1219 694 lsaacus,
1268 659 1314 692 lli

174 721 321 766 privatas
346 720 539 754 inimicitias
565 734 640 754 cum
669 721 919 766 Chrysostomo
943 731 1114 764 gerentes,
1137 721 1314 767 Theophi-

176 784 246 816 lum
272 783 459 816 sollicitant
493 797 554 828 per
584 783 740 824 nuntios,
759 792 809 816 ‘ut
840 797 955 817 secum
990 797 1111 829 operas
1134 785 1175 817 ad
1201 784 1315 829 expel-

175 846 314 878 lendum
345 846 511 878 Joannem
544 845 768 879 consociaret.
824 848 1018 880 morantem
1050 859 1186 891 quoque
1217 854 1313 888 urget.

174 908 329 940 Eudoxia
357 908 601 954 Chrys¹›stom0
629 908 813 949 offensior,
846 909 923 941 ideo
957 909 1050 953 quod
1083 908 1183 940 sacris
1207 907 1313 952 ipsius

175 969 417 1009 concionibus,
465 969 585 1013 quibus
620 970 803 1003 aulicarum
842 970 1025 1003 mulierum
1061 982 1175 1002 mores
1213 981 1313 1014 saepe

175 1034 410 1077 carpebantur,
435 1031 597 1064 vitiorum
623 1045 762 1065 snorum
795 1033 858 1065 sibi
885 1032 1017 1066 conscia
1042 1032 1152 1065 notari
1176 1045 1210 1064 se
1235 1044 1313 1064 cen-

175 1096 280 1127 sebat.
328 1094 357 1126 E
391 1093 562 1125 contrario
605 1107 685 1126 vero
718 1095 918 1128 accersitum
956 1108 1032 1127 eum
1069 1095 1111 1127 ad
1149 1095 1310 1127 diluenda

175 1157 324 1196 crimina,
349 1175 390 1180 —
417 1157 508 1201 apud
538 1157 782 1201 imperatorem
813 1157 940 1202 quippe
971 1158 1081 1190 fuerat
1103 1157 1310 1189 seditionum

175 1228 208 1252 et
233 1218 387 1251 caedium
411 1228 586 1251 accusatus
612 1239 672 1258 -,
713 1228 854 1252 testatur
882 1219 955 1264 ipse
986 1220 1252 1265 Chrysostomus
1276 1220 1311 1252 in

175 1281 320 1326 epistola
344 1282 385 1314 ad
413 1280 650 1313 Innocentium
675 1283 814 1326 Papam,
839 1294 939 1326 quam
967 1281 1102 1314 exhibet
1125 1282 1308 1315 Palladius.

174 1346 243 1376 Leo
269 1353 382 1375 auten»
407 1343 603 1386 imperator,
628 1352 856 1384 cognomento
882 1343 1034 1387 Sapiens,
1059 1344 1176 1376 scribit
1193 1344 1224 1375 in
1244 1345 1310 1377 vita

176 1404 410 1451 chrysostomi
443 1404 574 1450 jussisse
611 1405 795 1437 Arcadium
839 1405 871 1437 vi
906 1405 1030 1438 adduci
1065 1406 1310 1451 Theophilum,

176 1481 251 1500 cum
278 1480 362 1511 quae
389 1467 547 1498 adversus
572 1467 740 1498 Joannem
772 1467 881 1500 suerat
905 1467 1045 1500 molitus
1070 1468 1310 1513 comperissem

175 1540 208 1562 et
230 1531 271 1562 ab
295 1527 494 1561 Innocentio
521 1529 683 1572 pontifice
708 1529 876 1568 Romano,
902 1539 934 1562 ct
957 1531 999 1562 ab
1024 1530 1182 1564 Honorio
1208 1532 1311 1566 fratre

174 1592 376 1636 postulasse,
407 1600 445 1622 ut
477 1590 583 1635 aliqui
614 1592 723 1623 Roma
762 1591 995 1633 mitterentur,
1033 1593 1091 1638 qui
1122 1595 1164 1627 de
1197 1594 1312 1628 Theo-

174 1653 259 1698 phili
285 1666 396 1686 caussa
422 1661 681 1694 cognoscerent:
712 1654 950 1697 tergiversante
983 1667 1064 1688 vero
1098 1656 1311 1700 Innocentio,

175 1715 406 1759 Theophilum
432 1714 636 1756 origenismi
667 1715 776 1748 dicam
810 1716 980 1761 scripsisse
1012 1717 1154 1758 hanni,
1188 1729 1221 1752 et
1251 1721 1310 1753 Ni-

176 1777 355 1810 tricnsibns
380 1777 574 1817 monachis,
611 1791 629 1810 a
660 1780 781 1824 quibus
813 1780 902 1824 apud
933 1780 1174 1824 imperatorem
1200 1782 1309 1814 suerat

175 1849 358 1878 accusatus,
383 1852 522 1883 suasque
548 1839 581 1871 in
615 1850 727 1884 partes
758 1842 986 1886 Epiphaniutu
1019 1842 1177 1876 illexisse.
1226 1845 1307 1876 Nar-

175 1912 249 1935 rant
276 1903 344 1933 Leo
371 1910 404 1932 et
430 1900 603 1933 Palladius
630 1903 726 1935 datos
757 1904 915 1937 adversus
948 1905 1178 1948 Theophilum
1210 1919 1306 1939 accu-

175 1963 312 1998 sationis
346 1962 500 2002 libellos‚
541 1964 751 2007 septuaginta
788 1966 897 2011 capita
933 1966 1097 2000 habuisse.
1162 1969 1310 2004 Maturat

175 2039 254 2068 crgo
279 2024 343 2057 iter
368 2024 600 2069 Theophilus,
626 2036 658 2058 et
685 2027 937 2060 Chalcedonem
964 2030 1128 2072 pervenit.
1177 2030 1310 2065 Eodem

177 2088 351 2121 conssuunt
376 2086 550 2130 episcopi,
582 2087 704 2131 partim
730 2090 916 2134 Theophili
940 2090 1076 2130 nuntiis,
1101 2093 1223 2135 partini
1248 2077 1309 2126 iin-

177 2149 342 2196 peratoris
366 2148 524 2181 mandato
551 2150 661 2185 exciti.
707 2151 756 2183 Ex
782 2165 847 2185 una
877 2165 994 2184 omnes
1020 2154 1147 2186 venisse
1173 2157 1312 2200 provin·

178 2212 226 2244 cia
251 2210 368 2244 scribit
394 2210 583 2254 Palladius·,
615 2212 671 2245 alii
699 2226 736 2245 ex
763 2215 937 2259 Aegypto,
969 2215 1109 2260 aliisque
1136 2219 1310 2261 profectos

177 2273 262 2306 locis
287 2281 437 2311 narrant,
472 2289 532 2308 nec
566 2289 633 2308 non
660 2289 696 2308 cx
725 2276 818 2316 Asia,
855 2277 1048 2321 quicunque
1082 2278 1217 2312 sedibus
1241 2279 1308 2313 suis
