1422 2472
383 90 566 121 Arctoam
595 97 664 120 Pno
690 87 867 121 Ortmann.
1130 85 1195 121 317

72 180 134 212 bus
157 178 348 211 nominibus
372 178 617 224 subjacentem,
648 177 704 222 qui
735 177 850 209 Latine
875 175 1109 220 patripassiani
1134 189 1192 220 ap-

70 240 251 285 pellantur.
297 240 413 280 Sed')
440 249 472 272 et
498 239 606 284 siqui
637 248 729 278 sunt,
760 238 816 283 qui
849 237 1013 283 Spiritum
1044 247 1192 270 sanctum

70 301 173 334 alium
199 301 334 346 quidem
359 301 521 346 dicunt2)
545 313 625 340 esse,
650 300 706 344 qui
731 299 794 332 suit
818 299 850 331 in
876 299 1067 344 propinetis,
1090 300 1194 331 alium

69 373 193 404 autem,
217 363 273 408 qui
298 363 361 395 fuit
391 363 424 395 in
451 361 624 407 Apostolis
647 361 787 394 Domini
818 360 922 393 nostri
953 361 1032 393 Jesu
1059 360 1198 401 Christi,

70 438 172 457 unum
197 434 295 470 atque
321 425 412 457 idem
429 424 590 457 delictum
605 423 785 467 impietatis
804 422 994 462 admittunt,
1018 423 1109 467 quod
1134 423 1197 463 illi,

72 488 140 531 qui,
166 496 324 532 quantum
349 487 383 518 in
407 499 440 518 se
466 495 531 526 est,
563 495 714 518 naturam
739 484 871 517 deitatis
895 494 1023 525 secant,
1055 495 1087 517 et
1110 486 1198 518 scin-

72 549 200 593 dunt-³)
224 561 328 580 unum
353 547 448 589 Legis
474 556 507 579 et
529 546 789 588 Evangeliorum
814 546 936 579 Deum.
984 547 1052 579 Sed
1078 557 1110 579 et
1134 548 1196 587 ilii,

73 596 130 654 qni
152 622 220 642 non
246 621 362 641 omnes
388 609 544 641 humanas
569 608 693 641 animas
724 608 821 639 nnius
854 608 1069 652 ejusdemque
1082 609 1114 654 4)
1139 623 1196 643 na-

72 680 165 703 turae
193 671 309 704 dicunt
334 683 420 710 esse,
461 670 512 702 vel
541 669 759 708 substantiae,
798 670 855 701 sed
888 669 1033 702 diversas
1064 681 1197 704 naturas

71 732 267 772 animarum,
291 732 424 776 inter.⁵)
449 743 502 763 eas
526 731 675 763 haereses
698 731 894 763 numerandi
918 741 1004 771 sunt,
1028 746 1111 777 quae
1136 733 1199 766 ini-

72 794 234 839 quitatem
258 794 292 826 in
315 793 493 826 Excelsum
518 792 712 836 loquuntur,
725 793 758 837 ⁶)
791 802 890 837 atque
915 792 1109 837 injustitiam
1135 795 1197 827 ini-

72 856 300 900 quitatemque
335 853 404 899 ejus
435 861 600 886 accusant.
653 853 722 885 Nec
754 867 821 886 non
853 863 886 886 et
920 854 989 894 illi,
1015 855 1071 900 qui
1096 856 1196 889 liberi

71 917 201 950 arbitrii
226 924 427 962 potestatem
453 929 490 948 ex
515 914 687 947 animabus
716 916 846 948 auferre
878 916 1029 949 nituntur
1059 918 1195 963 velut7)

71 978 258 1023 perniciosa
290 979 463 1019 dogmata,
503 975 673 1008 communi
698 977 860 1009 humanae
891 977 994 1017 vitae,
1026 988 1058 1011 rt
1082 979 1198 1012 virtuti

73 1039 300 1072 continentiae
337 1040 447 1071 labem
480 1039 645 1083 quandam
675 1038 798 1070 inferre
829 1038 997 1083 judicandi
1028 1050 1120 1081 sunt,
1156 1055 1197 1074 ne

74 1100 210 1133 humani
234 1100 403 1145 propositi
427 1113 478 1132 res
503 1109 642 1144 putetur
664 1101 790 1132 bonum
817 1100 896 1145 quid
923 1101 974 1133 vel
999 1102 1119 1143 facere,
1145 1105 1196 1136 vel

167 1269 199 1310 ¹)
225 1266 311 1300 Cod.
337 1266 566 1310 Corbejensis,
591 1276 623 1298 et
647 1267 824 1300 Merlinus:
859 1269 928 1301 Sed
957 1276 987 1302 et
1018 1272 1075 1313 qui
1107 1278 1198 1312 sunt,

75 1316 133 1359 qui
158 1321 220 1345 etc.
267 1312 520 1344 Genebrardus:
552 1314 620 1346 Sed
642 1320 671 1345 et
696 1320 773 1346 sunt
798 1315 856 1357 qni
880 1323 942 1347 etc.
991 1314 1093 1357 Quod
1120 1330 1200 1348 con-

74 1358 212 1392 trarium
239 1367 308 1389 erat
332 1358 398 1396 his,
424 1370 506 1402 quae
530 1357 644 1389 scribit
670 1358 830 1399 Origenes
855 1358 911 1390 lib.
939 1359 977 1390 II.
1005 1361 1044 1391 de
1071 1361 1199 1393 Princi-

73 1405 138 1450 piis
162 1416 233 1447 cap.
247 1403 321 1436 Vll.
345 1416 435 1435 num.
454 1403 475 1434 Ι.
523 1404 615 1435 Duos
639 1410 747 1436 (tutem
774 1405 925 1447 Spiritus
949 1412 1081 1438 sanctos
1105 1420 1198 1440 nun-

73 1462 174 1495 quam
198 1449 388 1481 audivimus
419 1449 461 1480 ab
492 1449 607 1491 aliquo
635 1450 843 1492 praedicari.
890 1450 958 1482 sed
992 1451 1093 1483 ceteri
1119 1453 1199 1486 Mss.

73 1494 198 1532 nostri,
237 1493 294 1536 qui
325 1502 414 1524 recte
448 1493 588 1525 habent:
623 1495 691 1526 »Sed
720 1500 752 1526 et
781 1496 810 1526 si
835 1496 893 1538 qni
916 1502 1014 1537 sunt,
1041 1498 1099 1539 qui
1125 1507 1199 1537 etc.,

73 1548 222 1585 apertam
248 1537 549 1569 contradictionem
579 1538 725 1572 solvunt.
774 1539 825 1571 lbi
850 1539 937 1571 enim
964 1553 1030 1572 non
1056 1542 1200 1575 affirma-

73 1596 138 1625 tur,
162 1584 220 1616 sed
246 1582 427 1616 dubitatur.
453 1583 492 1616 R.

167 1640 201 1683 ²)
227 1639 313 1672 Edd.
339 1639 386 1671 M.
417 1640 542 1671 dicant.

167 1697 202 1741 ³)
227 1695 283 1729 Sic
309 1707 424 1726 omnes
449 1695 529 1727 Mss.
565 1695 658 1727 Editi
684 1708 762 1728 vero
788 1696 824 1739 (v
859 1710 885 1728 r.
913 1697 988 1730 edd.
1013 1697 1078 1741 M.)
1103 1701 1199 1733 scin-

74 1744 175 1784 dunt,
215 1743 361 1774 dicentes
399 1752 503 1773 unum
542 1742 640 1784 leyis,
687 1748 718 1774 et
755 1743 899 1774 alterum
937 1744 1200 1787 Euan-(sationum

75 1789 191 1821 Deum.
215 1787 255 1819 R.

171 1843 203 1885 Ἰ)
232 1843 279 1874 lta
313 1841 399 1874 Cod.
431 1841 560 1883 Regius.
611 1842 722 1875 Ceteri
756 1856 833 1875 vcro
863 1843 942 1876 Mss.
975 1852 1007 1876 ct
1038 1844 1119 1877 editi
1152 1846 1200 1890 (v,

79 1901 105 1921 c.
131 1887 208 1921 edd.
234 1887 298 1931 M.)
322 1889 533 1931 eJusdemque
556 1889 673 1921 dicunt
697 1901 765 1921 esse
788 1889 1000 1921 substantiae
1035 1890 1074 1922 R.

170 1945 202 1987 ⁵)
226 1943 317 1975 Editi
343 1945 385 1986 (v.
413 1957 439 1976 c.
466 1944 540 1975 edd.
566 1944 634 1984 M.)
668 1946 758 1977 inter
789 1957 841 1976 eos
872 1946 1056 1978 lmerettcos
1080 1959 1199 1979 mtme-

81 1990 182 2021 randi
203 1995 292 2029 sunt,
319 1990 377 2032 qui
402 1998 463 2021 etc.
511 1989 578 2021 sed
605 2002 718 2021 omnes
746 1991 822 2021 Mss.
849 1999 885 2021 ut
910 1989 940 2020 in
968 1999 1067 2022 textu.
1093 1992 1132 2024 l't.

173 2045 206 2087 ⁶)
232 2045 302 2077 (Jsr.
328 2044 438 2076 Psaluu
473 2044 629 2083 LXthl,
652 2048 683 2078 ὃ.
706 2059 797 2089 seqq.
824 2045 996 2089 (LXXli.)

173 2100 206 2142 ⁷)
231 2100 286 2132 Sic
313 2100 390 2131 Mss.
415 2099 536 2138 nostri,
562 2100 623 2132 nisi
650 2102 740 2145 quod
767 2102 922 2133 habeant:
955 2103 1090 2133 rit-tntis
1114 2114 1196 2135 con-

83 2157 253 2189 tinentiae.
307 2155 396 2187 Editi
437 2169 513 2187 vcro
551 2157 597 2199 (v.
629 2170 655 2189 c.
689 2158 763 2189 edd.
796 2158 861 2201 M.)
894 2159 981 2190 relat
1009 2160 1200 2201 pernicioso

81 2214 230 2254 ‹lo-quean-
256 2231 295 2234 —
325 2218 354 2242 e!
384 2213 504 2244 rirtnti
535 2215 760 2246 continentiae
791 2235 828 2237 —
864 2220 958 2246 sunt.-
989 2227 1028 2247 ηε
1060 2216 1198 2248 hnmani,

76 2269 238 2312 propositi
266 2274 435 2310 rpputetar
460 2277 519 2300 etc.
550 2269 586 2300 R.
