1413 2482
183 50 249 87 360
513 52 547 85 S.
581 51 758 84 mmmm
791 49 978 84 MAR'rmis

187 147 249 172 ter.
297 139 422 171 volens
448 139 535 172 enini
560 153 629 172 non
654 139 718 172 alia
740 139 791 172 via
815 140 938 180 utitur,
962 140 1023 173 nisi
1043 140 1074 186 Ι)
1098 153 1180 186 quae
1207 140 1314 173 consi-

188 200 235 232 lio
263 201 442 234 voluntatis
466 202 648 246 profertur.
699 203 746 235 lta
771 215 849 244 ergo
883 203 962 247 et²)
992 203 1034 235 ab
1065 215 1105 235 eo
1130 202 1210 235 Filii
1235 203 1312 234 sub-

188 262 338 294 sistentia
363 273 554 305 generatur:
580 264 671 309 quod
696 277 830 297 necesse
857 273 904 296 est
930 263 963 296 iu
989 264 1105 309 primis
1129 264 1251 309 suscipi
1275 265 1316 296 ab

190 322 257 362 his,
289 323 346 368 qui
371 324 456 357 nihil
479 325 682 368 ingenitum,
708 325 741 358 id
769 336 834 366 est,
860 326 1026 367 innatum,
1050 334 1183 372 praeter
1205 325 1314 358 solum

189 385 302 417 Deum
333 385 467 419 Patrem
500 388 657 420 fatentur.
714 388 970 421 Observandum
1001 401 1144 433 namque
1177 397 1242 427 est,
1275 399 1316 419 ne

191 445 264 490 quis
288 445 436 481 incurrat
459 447 492 481 in
517 448 593 482 illas
615 450 772 483 absurdas
797 451 927 483 fabulas
951 463 1086 490 eorum,
1125 449 1182 494 qui
1206 448 1319 494 prola-

191 508 300 542 tiones
325 511 484 554 quasdam
508 511 572 543 sibi
597 511 677 556 ipsis
702 511 904 557 depingunt,
935 521 973 545 ut
996 511 1142 545 divinam
1166 520 1319 544 naturam

193 569 227 602 in
253 581 362 615 partes
388 582 527 612 vocent,
559 582 591 606 et
622 573 736 606 Deum
762 574 915 614 Patrem,
947 583 1107 619 quantum
1138 574 1172 605 in
1198 585 1233 604 se
1258 581 1318 610 est,

193 632 354 674 dividant,
379 648 454 667 cum
480 636 590 679 hoc³)
615 636 656 668 de
681 635 881 681 incorporea
904 646 1020 669 natura
1045 635 1097 668 vel
1123 635 1243 668 leviter
1266 647 1321 667 su-

193 694 325 739 spicari,
349 710 416 729 non
443 697 555 729 solum
581 698 950 746 extremae'impietatis
980 698 1040 738 sit,
1071 710 1187 730 verum
1220 695 1320 729 etiam

194 756 332 790 ultimae
357 758 587 804 insipientiae,
622 773 684 792 nec
709 760 848 793 omnino
874 761 972 805 vel‘)
1000 761 1041 793 ad
1066 758 1320 801 intelligentiam

195 831 418 864 consequens,
456 830 493 853 ut
525 820 745 866 incorporeae
781 831 916 854 naturae
947 819 1171 854 substantialis
1201 819 1321 852 divisio

194 881 302 924 possit
325 881 476 925 intelligi.
524 883 630 925 Magis
664 884 790 928 ergo⁵)
823 883 907 916 sicut
940 883 1094 915 voluntas
1125 881 1281 927 procedit
1305 894 1322 913 e

196 951 318 982 mente,
344 953 377 976 et
400 957 510 989 neque
534 955 663 989 partem
687 945 831 989 aliquam
867 944 988 977 mentis
1011 953 1118 983 secat,
1149 956 1258 989 neque
1281 945 1322 976 ab

197 1017 234 1036 ea
258 1015 441 1048 seper-itur,
466 1015 522 1039 aut
547 1007 725 1039 dividitur:
758 1006 818 1039 tali
849 1007 992 1051 quadam
1015 1006 1129 1051 specie
1153 1006 1323 1051 putandus

198 1075 247 1098 est
272 1066 372 1100 Pater
403 1068 529 1101 Filium
560 1068 731 1111 genuisse,
767 1068 946 1110 imaginem
982 1067 1111 1101 scilicet
1140 1080 1252 1107 suam,
1287 1077 1325 1100 ut

198 1127 284 1160 sicut
309 1128 380 1174 ipse
393 1131 426 1174 6)
452 1139 501 1162 est
523 1130 699 1163 invisibilis
720 1143 780 1174 per
792 1139 954 1169 naturam,
978 1129 1023 1162 ita
1038 1129 1216 1172 imaginem
1241 1142 1326 1174 quo-

201 1202 264 1234 que
288 1190 492 1225 invisibilem
515 1192 677 1234 genuerit.
715 1193 862 1225 Verbum
881 1191 970 1225 enim
984 1201 1032 1225 est
1044 1191 1165 1232 Filius,
1189 1201 1222 1224 et
1245 1192 1324 1224 ideo

200 1250 283 1284 nihil
307 1252 341 1285 in
367 1266 408 1286 eo
433 1254 588 1288 sensibile
613 1254 869 1297 intelligendum
895 1264 952 1288 est.
1000 1254 1171 1299 Sapientia
1196 1263 1261 1294 est,
1292 1263 1326 1287 et

200 1312 234 1345 in
259 1313 430 1359 Sapientia
453 1316 537 1349 nihil
563 1329 765 1361 corporeum
790 1316 1023 1361 suspicandum
1050 1324 1109 1349 est.
1151 1315 1326 1359 Lumen⁷)

200 1385 248 1407 est
272 1389 400 1417 verum,
424 1380 515 1423 quod
540 1378 706 1411 illuminat
732 1391 865 1410 omnem
883 1378 1053 1410 hominem
1079 1376 1268 1410 venientem
1292 1378 1328 1410 in

201 1437 290 1470 hunc
314 1441 496 1481 mundum,
527 1441 585 1473 sed
611 1440 701 1472 'nihil
734 1440 832 1474 habet
857 1451 1035 1472 commune
1059 1439 1099 1471 ad
1124 1439 1205 1471 solis
1231 1438 1328 1484 liujus

202 1499 349 1534 lumen.“

289 1563 566 1598 PAMPHILUS.
588 1611 594 1616 .
614 1564 667 1596 De
705 1551 770 1596 his*
793 1563 871 1608 ipsis
903 1576 940 1595 ex
973 1571 1092 1608 quarto
1125 1562 1213 1596 libro
1245 1566 1326 1608 πὲρὶ

201 1623 333 1669 ἀρχῶν.

299 1799 329 1842 ¹)
354 1799 411 1832 Sic
436 1799 517 1831 editi
542 1800 588 1843 (v.
614 1813 639 1833 c.
668 1799 742 1832 edd.
769 1798 816 1830 M.
843 1806 874 1829 et
899 1797 1045 1840 Redvp.)
1078 1806 1109 1828 et
1142 1797 1220 1829 Mss.
1253 1797 1325 1841 ple-

203 1854 308 1899 rique.
356 1855 464 1888 Codd.
496 1868 576 1887 vero
608 1855 688 1896 Reg.
721 1863 754 1886 et
785 1852 1012 1898 Coi-bejensis:
1048 1852 1134 1894 „nisi
1162 1852 1238 1897 quia
1264 1853 1322 1897 (al.

203 1912 287 1955 qna)
313 1911 454 1943 consilio
481 1911 634 1942 voluntas
658 1911 863 1955 profertur.“
888 1910 928 1942 R.

294 1967 328 2011 2)
353 1967 416 2000 Ed.
441 1967 569 2011 Redep.
595 1975 648 2006 „et
674 1966 754 1998 Filii
778 1965 988 1998 subsistentia
1005 1974 1180 2007 generatur
1194 1965 1234 1997 ab
1252 1969 1327 1996 eo.“

296 2023 330 2068 ³)
353 2023 439 2057 Edd.
465 2023 513 2056 M.
538 2024 673 2062 ‚,l1aec.¹‘

296 2080 330 2124 ¹²)
355 2079 461 2113 Deest
485 2079 582 2118 ‚,vel“
607 2078 639 2111 in
666 2079 717 2111 ed.
743 2079 870 2123 Redep.

297 2136 330 2179 ὁ)
355 2135 444 2168 Edd.
467 2135 515 2167 M.
540 2139 708 2174 „autem.‘·
892 2133 901 2145 Χ

295 2193 329 2236 ⁶)
353 2192 417 2226 Ed.
440 2191 570 2235 Redep.
595 2190 688 2235 „ipse
713 2190 887 2224 invisibilis
914 2200 961 2223 cst
986 2196 1066 2235 pcr“
1093 2201 1154 2224 etc.

296 2248 328 2291 τ)
353 2248 413 2283 Ev.
438 2249 561 2281 Joann.
588 2248 612 2287 l,
635 2248 665 2281 9.
