1422 2472
378 80 694 113 OmGENtANonuM
719 81 833 114 Lmen
859 81 919 113 tlt.
1135 78 1198 113 167

63 169 216 213 quaginta
240 169 317 202 anni
342 183 450 214 prope
476 179 571 210 sunt,
606 183 643 202 ex
677 183 744 215 quo
777 170 940 212 Origenes
971 178 1125 202 mortuus
1150 178 1199 201 est

65 230 164 276 Tyri:
190 230 264 275 quis
289 231 485 263 Latinorum
511 244 607 264 ausus
639 241 689 264 est
712 245 860 276 unquam
887 232 1065 264 transferre
1089 230 1194 263 libros

65 292 134 338 ejus
159 293 200 325 de
225 292 490 333 resurrectione,
524 296 604 336 περὶ
631 293 773 338 ἀρχῶν,
801 297 1048 338 σῖρωμαϊέας,
1074 302 1107 325 et
1132 291 1191 326 16-

60 368 169 398 μους,·
194 356 304 387 Nemo
329 354 430 396 igitur
454 354 620 386 existimet
650 355 754 388 ullam
780 355 970 388 Tomorum
995 354 1195 398 interpreta-

60 416 187 448 tionem
213 429 282 448 esse
307 416 518 462 Hieronymo
552 416 788 460 antiquiorem.
845 417 959 449 Nihilo
990 415 1093 457 magis
1123 416 1193 448 Ru-

60 478 130 510 fino
155 478 290 510 videtur
311 477 543 516 adscribenda,
568 479 661 521 quod
683 478 813 510 Erasmi
837 491 918 522 pace
946 477 1028 509 hanc
1053 475 1118 520 ipsi
1142 485 1191 509 at-

59 538 235 572 tribuentis
259 539 387 572 dictum
413 539 526 572 velim.
574 540 634 571 ltle
660 539 747 572 enim
772 539 806 571 in
833 538 1001 583 Apologia
1020 538 1191 582 Pamphili

60 601 134 633 loca
159 601 321 645 quaedam
352 613 369 632 e
396 600 655 633 Commentariis
679 600 713 632 in
738 600 946 633 Matthaeum
971 600 1117 631 adducta
1142 601 1190 631 in-

56 670 253 706 terpretans,
278 674 347 694 non
372 662 445 694 aliis
473 663 583 694 solum
610 661 717 694 utitur
740 661 867 700 verbis,
900 674 998 705 quam
1031 673 1115 705 quae
1140 660 1190 692 in·

56 733 184 767 terpres
207 722 270 754 iste
295 732 388 755 vetus
412 723 582 763 adhibuit,
616 736 734 754 verum
759 723 859 755 etiam
883 723 1006 762 multa,
1044 734 1129 766 quae
1154 722 1187 753 in

54 798 96 817 eo
117 781 364 824 desiderantur,>
380 785 658 829 repraesentavit:
685 798 762 817 cum
780 794 892 817 tamen
908 784 942 816 in
959 784 1078 816 eadem
1094 786 1189 828 Apo-

54 846 143 888 logia
167 847 243 878 loca
267 855 398 878 vertens
429 859 467 878 ex
498 846 571 879 aliis
604 847 781 891 depromta
805 845 1076 885 Commentariis,
1102 858 1187 890 quos

53 908 124 952 ipse
149 909 258 940 fuerat
280 907 534 952 interpretatus,
564 921 633 940 non
664 907 737 940 aliis
772 916 886 940 utatur
917 907 1044 946 verbis,
1085 920 1186 951 quam

52 970 130 1009 suis,
153 982 256 1013 seque
280 968 331 1001 sui
354 969 500 1002 similem
525 970 557 1002 in
584 971 705 1002 eodem
727 970 806 1001 loco
824 969 875 1001 bis
892 970 1055 1002 vertendo
1074 978 1186 1001 osten-

54 1032 120 1065 dat.
168 1032 265 1063 Adde
289 1031 402 1063 stilum
427 1033 468 1064 ab
495 1032 761 1077 Hieronymiano
786 1041 819 1064 et
842 1032 1024 1064 Rufiuiano
1048 1031 1184 1075 penitus

54 1093 266 1137 discrepare,
302 1102 335 1124 et
374 1093 550 1125 deterioris
582 1107 619 1125 ac
658 1093 856 1125 recentioris
886 1093 1001 1125 aetatis
1032 1093 1116 1125 vitio
1151 1101 1182 1124 et

51 1155 245 1198 corruptela
276 1167 345 1186 esse
371 1155 592 1199 inquinatum.
641 1154 818 1186 Gennadio
853 1167 988 1198 quoque
1018 1154 1185 1187 recentio-

50 1230 122 1250 rem
146 1229 216 1249 esse
242 1228 280 1248 ex
305 1229 346 1248 eo
372 1216 530 1261 conjicio,
561 1216 653 1261 quod
678 1216 710 1248 in
739 1216 901 1257 Catalogo
926 1214 1109 1248 illustrium
1134 1215 1183 1247 vi-

49 1292 165 1312 rorum
190 1291 259 1310 non
284 1278 426 1310 obscure
450 1277 624 1319 significat,
647 1290 866 1322 quaecunque
886 1278 1042 1320 Origenis
1067 1278 1182 1322 Opera

48 1342 89 1374 ab
120 1340 330 1386 Hieronymo
362 1352 431 1372 non
464 1353 626 1372 conversa
656 1340 723 1372 suis
755 1339 968 1384 temporibus
1000 1340 1182 1379 exstabant,

49 1415 88 1435 ea
116 1414 134 1434 a
164 1402 290 1434 Rufino
324 1400 440 1432 Latine
476 1401 608 1434 reddita
647 1401 759 1434 fuisse.
816 1402 1036 1434 Ostendimus
1067 1411 1179 1434 autem

44 1476 107 1496 nec
132 1463 357 1508 Hieronym0‚
381 1475 444 1494 nec
467 1464 592 1496 Rufino
617 1465 761 1497 adscribi
785 1477 884 1508 posse
908 1465 992 1496 hanc
1015 1465 1180 1508 interpre-

47 1526 227 1558 tationem:
256 1525 345 1556 unde
376 1525 529 1568 sequitur
561 1526 739 1558 Gennadio
772 1540 907 1571 quoque
938 1526 1038 1558 fuisse
1064 1535 1177 1571 poste-

46 1588 183 1620 riorem.
239 1586 326 1619 Cum
347 1588 377 1631 ¹)
410 1600 448 1620 ex
478 1587 538 1619 hac
570 1597 682 1620 autem
717 1587 994 1632 interpretatione
1026 1587 1175 1622 Thomas

46 1650 195 1694 Aquinas
219 1649 253 1680 in
279 1652 389 1682 Aurea
413 1649 538 1682 Catena
563 1649 637 1682 loca
662 1650 766 1682 multa
792 1651 975 1689 αὑτολεξεί
994 1651 1117 1686 referat
1142 1650 1175 1682 in

45 1724 158 1743 versus
182 1710 346 1743 Matthaei
370 1711 576 1754 posteriores
600 1724 697 1744 versu
724 1711 774 1746 13.
805 1711 922 1755 capitis
947 1711 1010 1751 16„
1038 1712 1171 1756 perspi-

44 1786 143 1805 cuum
176 1781 225 1804 est
256 1772 390 1806 Thoma
421 1772 640 1805 vetustiorem
674 1786 743 1805 eam
775 1786 864 1813 esse,
899 1774 1069 1818 talemque
1102 1773 1171 1819 ejus

137 1946 169 1989 ¹)
193 1944 386 1978 Paschasius
410 1947 618 1985 Radbertus,
651 1947 708 1990 qui
738 1947 873 1978 saeculo
899 1961 991 1980 nono
1017 1949 1170 1989 florebat,

44 1990 186 2033 plurima
212 1990 309 2022 etiam
337 1991 411 2023 loca
436 1992 539 2024 refert
572 2006 609 2024 ex
642 1992 701 2024 hac
731 1992 1008 2036 interpretatione
1040 1993 1071 2025 in
1102 1994 1168 2026 suis

42 2036 74 2067 in
103 2035 309 2067 §laubacum
335 2036 607 2075 Conmentariis,
642 2047 674 2068 et
705 2038 893 2069 etiamnunc
925 2048 1026 2070 vxstut
1059 2038 1092 2070 in
1117 2052 1169 2071 re-

42 2079 107 2121 gali
138 2081 268 2111 abbatia
301 2082 334 2113 S.
370 2082 509 2123 Remigii
545 2083 738 2115 tztmnnensis
766 2083 896 2124 elegans
930 2085 1045 2116 Codex
1076 2096 1168 2115 nono

41 2124 175 2156 sacculo
201 2125 354 2168 scriptus,
383 2137 415 2159 et
438 2128 478 2159 ab
505 2128 686 2160 llimnuaro
713 2129 889 2160 Rhemensi
915 2128 1169 2172 archiepiscopo

42 2169 118 2201 huit·
143 2172 346 2201 monasterio
372 2172 463 2204 dono
489 2174 596 2212 datus,
621 2174 654 2204 in
679 2187 746 2217 quo
774 2183 866 2206 vetus
891 2175 946 2206 itta
973 2176 1168 2217 inu-spreta>

47 2215 93 2246 tio
120 2214 244 2255 integra
268 2216 467 2249 continetur.
517 2218 619 2261 Quod
645 2228 839 2260 argumento
867 2229 913 2251 cst
941 2220 1109 2251 liudberto
1135 2227 1166 2250 et

41 2259 224 2292 Hincmar«,
253 2262 467 2294 vetustiorem
495 2277 565 2295 eam
592 2278 671 2296 csse.
698 2264 737 2296 Ji.
