1422 2472
378 97 689 132 Omceuxanonnm
712 98 827 132 Lmen
851 98 912 133 111.
1146 99 1210 135 221

82 196 179 221 vator
202 196 326 220 noster.
374 186 546 231 Splendor
562 188 592 232 ')
618 187 781 227 dicitur,«
808 197 890 228 etc.,
915 188 1006 233 quod
1031 188 1154 221 frustra
1177 187 1213 221 in

82 248 197 282 Rufini
230 247 450 281 conversione
484 247 645 292 requiras.
692 249 777 281 Tale
810 258 843 282 et
875 248 961 282 illud
994 258 1042 282 est
1072 262 1089 282 e
1122 249 1211 282 libro

80 310 199 343 itidem
229 310 341 355 primo
371 309 533 354 petitum:
584 309 660 342 »Ex
693 323 754 351 eo,
791 311 883 356 quod
918 310 1001 343 dicit
1024 311 1211 355 Apostolus

79 371 222 405 Paulus:
247 373 323 404 Non
336 371 370 415 ²)
396 371 436 403 ab
461 370 694 411 hominibus,«
723 382 804 412 etc.‚
829 372 921 416 quod
945 372 1088 405 hahetur
1110 371 1144 404 in
1169 385 1210 405 eo

81 433 208 477 capite,
248 432 307 464 ubi
349 431 467 464 tertiae
511 431 739 465 criminationi
774 433 971 478 Pamphilus
1014 434 1210 477 respondet.

83 494 184 527 Aliud
210 506 346 538 quoque
370 493 521 526 indidem
546 494 679 538 profert
702 495 744 527 ad
769 504 918 539 quartam
943 494 1211 528 criminationem

81 556 320 595 refellendam,
369 556 462 599 quod
502 555 643 588 Rufinus
689 556 723 588 in
762 556 1039 601 interpretatione
1086 557 1210 590 omisit.

81 617 281 659 Fragmenta
310 625 483 660 praeterea
508 615 715 649 Philocaliae
749 630 787 649 ex
817 618 883 650 hoc
915 618 1030 662 Opere
1060 628 1209 651 mutuata

80 691 244 711 summam
270 677 340 723 ejus
365 677 546 710 vanitatem
573 687 774 720 coarguunt,
801 678 828 711 si
862 692 937 711 cum
969 678 1072 724 ipsius
1098 680 1209 712 verbis

81 741 335 773 contendantur.
384 738 586 784 Quanquam
613 739 759 772 dubitari
791 749 923 785 potest,
954 753 1065 773 annon
1097 741 1208 786 aliqua

80 801 282 834 detraxerint
308 798 452 832 Basilius
480 810 512 833 et
537 801 720 843 Gregorius
745 801 952 834 philocaliae
985 812 1209 842 contextores‚

80 876 164 908 quae
198 863 239 895 ab
273 862 462 894 orthodoxa
494 862 561 895 fide
594 863 816 897 dissentirent.
865 863 1097 898 Certissimurn
1127 877 1206 896 veru

79 924 206 970 petitur
234 924 397 957 indicium
429 937 467 956 ex
493 924 708 957 conflictione
741 925 914 966 locorum,
950 938 1034 970 quos
1065 938 1082 957 e
1114 925 1208 958 libris

78 989 161 1031 περὶ
186 985 310 1032 ἀρχῶν
331 995 500 1030 acceptos,
523 986 783 1020 Rufinianorum
800 987 897 1020 valde
914 987 1091 1020 dissimiles
1105 987 1209 1020 Justi-

78 1048 197 1081 nianus
227 1048 262 1080 in
295 1048 439 1091 epistola
470 1049 511 1080 ad
541 1048 678 1081 Menam
709 1048 983 1092 repraesentavit.
1029 1049 1145 1094 Itaque
1170 1061 1208 1081 ex

79 1110 141 1142 hac
164 1108 278 1141 Rufini
307 1107 507 1141 infidelitate
539 1119 660 1153 quanta
691 1109 898 1142 Christianae
930 1110 1049 1154 pietati
1081 1120 1114 1143 et
1146 1111 1205 1143 do-

78 1172 202 1205 ctrinae
219 1170 371 1216 pericula
388 1170 592 1210 exsisterent,
616 1171 807 1212 intelligens
820 1171 1058 1217 Hieronymus,
1082 1185 1206 1205 novam

78 1232 389 1278 interpretationem
412 1232 550 1264 meliori
571 1232 639 1264 fide
663 1231 857 1272 adornavit,
891 1242 924 1265 et
953 1232 1075 1266 latinae
1100 1235 1207 1266 eccle-

76 1294 143 1327 siae
161 1293 316 1336 Origenis
339 1292 500 1325 revelavit
524 1305 672 1333 errores,
695 1293 795 1326 nullis
819 1293 945 1326 artibus
969 1294 1206 1335 dissimulatos,

76 1356 173 1389 nullo
205 1355 307 1388 falsae
336 1353 625 1398 interpretationis
660 1355 740 1386 fuco
774 1355 916 1397 oblitos3
953 1365 990 1388 ut
1025 1357 1067 1389 ab
1098 1356 1139 1389 iis
1171 1357 1205 1389 in

75 1417 260 1463 propatulo
284 1415 404 1461 positis
435 1415 566 1448 facilius
597 1415 663 1448 sibi
687 1417 796 1449 lector
822 1426 964 1450 caveret.
1011 1418 1139 1450 Verum
1165 1420 1205 1452 ad

74 1479 158 1512 hanc
182 1487 324 1512 aetatem
347 1490 435 1510 nova
458 1477 561 1510 istaec
585 1477 820 1522 interpretatio
846 1492 914 1511 non
938 1479 1102 1523 pervenit.

163 1541 283 1573 Narrat
307 1552 346 1572 ex
371 1539 515 1572 aliorum
547 1539 614 1571 fide
641 1541 789 1573 Andreas
814 1541 953 1574 Rivetus
978 1541 1097 1574 Critici
1121 1542 1204 1575 sacri

75 1601 163 1634 libro
187 1601 219 1635 2.
245 1613 317 1645 cap.
345 1601 413 1640 12„
439 1600 544 1632 libros
568 1603 652 1645 περὶ
678 1601 801 1646 ἀρχῶν
826 1601 955 1634 Graece
980 1603 1123 1648 scriptos
1149 1617 1203 1636 ex-

74 1673 161 1696 stare
192 1663 227 1695 in
257 1661 456 1707 quibusdam
487 1661 721 1695 Bibliothecis.
777 1662 914 1695 Falsum
946 1663 981 1696 id
1014 1666 1203 1698 esserasfir-

73 1737 164 1757 mare
187 1724 305 1757 ausim:
330 1736 407 1756 nam
432 1736 540 1768 neque
565 1723 598 1755 in
617 1723 768 1763 Gallicis,
793 1733 850 1756 aut
874 1724 1009 1766 Italicis,
1033 1736 1091 1759 aut
1115 1727 1202 1760 Ger-

74 1785 222 1826 manicis,
247 1795 303 1818 aut
327 1785 517 1830 Hispanicis
540 1785 683 1830 reperiri
709 1798 766 1818 eos
792 1785 1013 1820 certissimum
1039 1797 1098 1822 est.
1147 1790 1200 1821 ln-

75 1856 203 1879 certum
225 1859 305 1879 vero
337 1857 401 1887 est,
432 1860 472 1880 an
505 1859 543 1879 ex
573 1847 681 1879 aliena
711 1847 796 1886 fide,
833 1860 874 1879 an
905 1861 942 1880 ex
972 1862 1033 1881 suo
1066 1849 1199 1892 ingenio

75 1907 254 1953 conjecerit
280 1909 487 1941 Abrahamus
513 1909 742 1952 Scultetus‚³)
769 1910 1090 1953 Anacepbalaeosin,
1116 1925 1199 1956 quae

74 1979 227 2014 quartum
252 1970 379 2003 claudit
403 1971 528 2003 librum
553 1971 676 2015 Operis
702 1971 743 2003 de
767 1971 957 2016 Principiis,
983 1984 1052 2004 esse
1075 1973 1199 2012 Rufini,

75 2031 127 2062 vel
162 2031 341 2076 Pamphili.
401 2031 507 2074 Quod
542 2042 580 2065 ut
614 2033 711 2065 nullo
748 2042 903 2073 auctore,
942 2033 1035 2066 nulla
1069 2034 1198 2066 ratione

168 2163 199 2207 ¹)
226 2163 295 2196 Cfr.
322 2165 400 2210 Sap.
425 2166 553 2200 Salom.
579 2168 664 2208 VII,
689 2167 742 2203 26.
771 2168 849 2200 coll.
876 2168 980 2201 Hebr.
1007 2169 1040 2209 I,
1065 2169 1098 2204 3·

166 2220 200 2262 2)
226 2219 334 2253 Galat.
360 2222 394 2261 Ι,
420 2222 448 2257 1.

164 2274 197 2318 ³)
224 2275 291 2309 Cfr.
303 2275 442 2310 Scultet.
455 2277 489 2310 in
498 2278 642 2313 Medull.
657 2279 820 2322 Theolog.
831 2279 920 2313 Patr.
932 2279 1068 2315 libnvl.
1086 2283 1198 2327 cap-i.
