<?xml version="1.0" encoding="UTF-8"?>
<!DOCTYPE html PUBLIC "-//W3C//DTD XHTML 1.0 Transitional//EN"
    "http://www.w3.org/TR/xhtml1/DTD/xhtml1-transitional.dtd">
<html xmlns="http://www.w3.org/1999/xhtml" xml:lang="en" lang="en">
 <head>
  <title>
</title>
<meta http-equiv="Content-Type" content="text/html;charset=utf-8" />
  <meta name='ocr-system' content='tesseract 3.04.00' />
  <meta name='ocr-capabilities' content='ocr_page ocr_carea ocr_par ocr_line ocrx_word'/>
</head>
<body>
  <div class='ocr_page' id='page_1' title='image "./operaomniaquaegr24orig/operaomniaquaegr24orig_0112.png"; bbox 0 0 1413 2482; ppageno 0'>
   <div class='ocr_carea' id='block_1_1' title="bbox 190 97 989 134">
    <p class='ocr_par' dir='ltr' id='par_1_1' title="bbox 190 97 989 134">
     <span class='ocr_line' id='line_1_1' title="bbox 190 97 989 134; baseline -0.003 0"><span class='ocrx_word' id='word_1_1' title='bbox 190 97 254 134; x_wconf 88' lang='lat'>100</span> <span class='ocrx_word' id='word_1_2' title='bbox 522 99 635 133; x_wconf 75' lang='grc' dir='ltr'>Ρετιιι</span> <span class='ocrx_word' id='word_1_3' title='bbox 647 104 649 106; x_wconf 87' lang='grc'><em>“</em></span> <span class='ocrx_word' id='word_1_4' title='bbox 660 99 832 132; x_wconf 46' lang='lat' dir='ltr'>nimus</span> <span class='ocrx_word' id='word_1_5' title='bbox 859 98 989 132; x_wconf 72' lang='lat' dir='ltr'>Hunni</span> 
     </span>
    </p>
   </div>
   <div class='ocr_carea' id='block_1_2' title="bbox 190 186 1344 2298">
    <p class='ocr_par' dir='ltr' id='par_1_2' title="bbox 190 186 1344 2298">
     <span class='ocr_line' id='line_1_2' title="bbox 192 186 1331 233; baseline -0.004 -11"><span class='ocrx_word' id='word_1_6' title='bbox 192 189 370 222; x_wconf 82' lang='lat' dir='ltr'>scribendo</span> <span class='ocrx_word' id='word_1_7' title='bbox 406 188 585 230; x_wconf 80' lang='lat' dir='ltr'>erraverit,</span> <span class='ocrx_word' id='word_1_8' title='bbox 618 201 658 221; x_wconf 79' lang='lat' dir='ltr'>nn</span> <span class='ocrx_word' id='word_1_9' title='bbox 684 202 747 233; x_wconf 88' lang='lat' dir='ltr'>pro</span> <span class='ocrx_word' id='word_1_10' title='bbox 778 188 900 221; x_wconf 85' lang='lat' dir='ltr'>talibus</span> <span class='ocrx_word' id='word_1_11' title='bbox 935 199 1082 233; x_wconf 84' lang='lat' dir='ltr'>unquam</span> <span class='ocrx_word' id='word_1_12' title='bbox 1114 186 1331 233; x_wconf 84' lang='lat' dir='ltr'>poenituerit.</span> 
     </span>
     <span class='ocr_line' id='line_1_3' title="bbox 193 249 1334 296; baseline -0.002 -12"><span class='ocrx_word' id='word_1_13' title='bbox 193 252 232 284; x_wconf 90' lang='lat' dir='ltr'>In</span> <span class='ocrx_word' id='word_1_14' title='bbox 258 251 396 296; x_wconf 79' lang='lat' dir='ltr'>quinto,</span> <span class='ocrx_word' id='word_1_15' title='bbox 431 251 509 282; x_wconf 79' lang='lat' dir='ltr'>dato</span> <span class='ocrx_word' id='word_1_16' title='bbox 542 251 633 295; x_wconf 91' lang='lat' dir='ltr'>quod</span> <span class='ocrx_word' id='word_1_17' title='bbox 662 251 703 283; x_wconf 88' lang='lat' dir='ltr'>de</span> <span class='ocrx_word' id='word_1_18' title='bbox 729 250 799 296; x_wconf 78' lang='lat' dir='ltr'>ejus</span> <span class='ocrx_word' id='word_1_19' title='bbox 831 263 893 283; x_wconf 86' lang='lat' dir='ltr'>nec</span> <span class='ocrx_word' id='word_1_20' title='bbox 918 250 1146 294; x_wconf 84' lang='lat' dir='ltr'>poenitentia,</span> <span class='ocrx_word' id='word_1_21' title='bbox 1177 261 1240 282; x_wconf 89' lang='lat' dir='ltr'>nec</span> <span class='ocrx_word' id='word_1_22' title='bbox 1271 249 1334 281; x_wconf 87' lang='lat' dir='ltr'>im-</span> 
     </span>
     <span class='ocr_line' id='line_1_4' title="bbox 190 312 1334 358; baseline -0.001 -13"><span class='ocrx_word' id='word_1_23' title='bbox 190 312 404 358; x_wconf 76' lang='lat' dir='ltr'><strong>poenitentia</strong></span> <span class='ocrx_word' id='word_1_24' title='bbox 429 321 570 352; x_wconf 87' lang='lat' dir='ltr'>constet,</span> <span class='ocrx_word' id='word_1_25' title='bbox 595 325 636 345; x_wconf 88' lang='lat' dir='ltr'>an</span> <span class='ocrx_word' id='word_1_26' title='bbox 659 312 702 346; x_wconf 92' lang='lat' dir='ltr'>sit</span> <span class='ocrx_word' id='word_1_27' title='bbox 718 312 953 346; x_wconf 75' lang='lat' dir='ltr'>rationabilius</span> <span class='ocrx_word' id='word_1_28' title='bbox 969 312 1081 357; x_wconf 85' lang='lat' dir='ltr'>ipsum</span> <span class='ocrx_word' id='word_1_29' title='bbox 1101 313 1239 346; x_wconf 86' lang='lat' dir='ltr'>credere</span> <span class='ocrx_word' id='word_1_30' title='bbox 1263 324 1334 345; x_wconf 84' lang='lat' dir='ltr'>esse</span> 
     </span>
     <span class='ocr_line' id='line_1_5' title="bbox 193 375 1336 420; baseline 0 -12"><span class='ocrx_word' id='word_1_31' title='bbox 193 376 401 415; x_wconf 79' lang='lat' dir='ltr'>damnatum,</span> <span class='ocrx_word' id='word_1_32' title='bbox 425 387 467 408; x_wconf 88' lang='lat' dir='ltr'>an</span> <span class='ocrx_word' id='word_1_33' title='bbox 490 375 632 408; x_wconf 77' lang='lat' dir='ltr'>salvum.</span> <span class='ocrx_word' id='word_1_34' title='bbox 680 376 719 409; x_wconf 85' lang='lat' dir='ltr'>In</span> <span class='ocrx_word' id='word_1_35' title='bbox 743 385 851 417; x_wconf 84' lang='lat' dir='ltr'>sexto,</span> <span class='ocrx_word' id='word_1_36' title='bbox 877 375 959 420; x_wconf 87' lang='lat' dir='ltr'>quid</span> <span class='ocrx_word' id='word_1_37' title='bbox 984 387 1023 408; x_wconf 83' lang='lat' dir='ltr'>ex</span> <span class='ocrx_word' id='word_1_38' title='bbox 1047 375 1145 408; x_wconf 87' lang='lat' dir='ltr'>dictis</span> <span class='ocrx_word' id='word_1_39' title='bbox 1168 375 1336 408; x_wconf 76' lang='lat' dir='ltr'>Deci-eto-</span> 
     </span>
     <span class='ocr_line' id='line_1_6' title="bbox 192 437 1334 484; baseline -0.001 -14"><span class='ocrx_word' id='word_1_40' title='bbox 192 451 270 471; x_wconf 88' lang='lat' dir='ltr'>rum</span> <span class='ocrx_word' id='word_1_41' title='bbox 300 437 520 484; x_wconf 84' lang='lat' dir='ltr'>judicandum</span> <span class='ocrx_word' id='word_1_42' title='bbox 551 438 595 471; x_wconf 89' lang='lat' dir='ltr'>sit</span> <span class='ocrx_word' id='word_1_43' title='bbox 624 438 802 472; x_wconf 83' lang='lat' dir='ltr'>ecclesiam</span> <span class='ocrx_word' id='word_1_44' title='bbox 840 437 1078 472; x_wconf 81' lang='lat' dir='ltr'>determinasse</span> <span class='ocrx_word' id='word_1_45' title='bbox 1110 438 1151 470; x_wconf 91' lang='lat' dir='ltr'>de</span> <span class='ocrx_word' id='word_1_46' title='bbox 1177 437 1334 480; x_wconf 79' lang='lat' dir='ltr'>Origene.</span> 
     </span>
     <span class='ocr_line' id='line_1_7' title="bbox 190 499 1337 546; baseline -0.002 -12"><span class='ocrx_word' id='word_1_47' title='bbox 190 500 230 534; x_wconf 90' lang='lat' dir='ltr'>In</span> <span class='ocrx_word' id='word_1_48' title='bbox 254 500 420 546; x_wconf 82' lang='lat' dir='ltr'>septimo,</span> <span class='ocrx_word' id='word_1_49' title='bbox 453 510 615 546; x_wconf 78' lang='lat' dir='ltr'>quantum</span> <span class='ocrx_word' id='word_1_50' title='bbox 641 501 769 545; x_wconf 84' lang='lat' dir='ltr'>obliget</span> <span class='ocrx_word' id='word_1_51' title='bbox 793 501 827 534; x_wconf 88' lang='lat' dir='ltr'>in</span> <span class='ocrx_word' id='word_1_52' title='bbox 853 501 914 535; x_wconf 80' lang='lat' dir='ltr'>ista</span> <span class='ocrx_word' id='word_1_53' title='bbox 937 501 1077 535; x_wconf 79' lang='lat' dir='ltr'>materia</span> <span class='ocrx_word' id='word_1_54' title='bbox 1102 499 1337 534; x_wconf 79' lang='lat' dir='ltr'>credulitatem</span> 
     </span>
     <span class='ocr_line' id='line_1_8' title="bbox 191 562 1336 599; baseline -0.003 -2"><span class='ocrx_word' id='word_1_55' title='bbox 191 573 344 598; x_wconf 83' lang='lat' dir='ltr'>nostram</span> <span class='ocrx_word' id='word_1_56' title='bbox 375 565 614 598; x_wconf 76' lang='lat' dir='ltr'>determinatio</span> <span class='ocrx_word' id='word_1_57' title='bbox 650 565 848 599; x_wconf 54' lang='lat' dir='ltr'>ecclesiae«</span> <span class='ocrx_word' id='word_1_58' title='bbox 904 565 1048 599; x_wconf 80' lang='lat' dir='ltr'>Diversa</span> <span class='ocrx_word' id='word_1_59' title='bbox 1078 565 1175 598; x_wconf 79' lang='lat' dir='ltr'>suere</span> <span class='ocrx_word' id='word_1_60' title='bbox 1215 563 1258 596; x_wconf 86' lang='lat' dir='ltr'>de</span> <span class='ocrx_word' id='word_1_61' title='bbox 1287 562 1336 595; x_wconf 82' lang='lat' dir='ltr'>his</span> 
     </span>
     <span class='ocr_line' id='line_1_9' title="bbox 195 626 1338 675; baseline -0.004 -13"><span class='ocrx_word' id='word_1_62' title='bbox 195 627 482 662; x_wconf 81' lang='lat' dir='ltr'>conclusionibus</span> <span class='ocrx_word' id='word_1_63' title='bbox 507 638 541 662; x_wconf 86' lang='lat' dir='ltr'>et</span> <span class='ocrx_word' id='word_1_64' title='bbox 557 628 787 674; x_wconf 83' lang='lat' dir='ltr'>Apologetico</span> <span class='ocrx_word' id='word_1_65' title='bbox 817 628 995 662; x_wconf 87' lang='lat' dir='ltr'>hominum</span> <span class='ocrx_word' id='word_1_66' title='bbox 1019 626 1162 675; x_wconf 82' lang='lat' dir='ltr'>judicia,</span> <span class='ocrx_word' id='word_1_67' title='bbox 1186 626 1273 660; x_wconf 83' lang='lat' dir='ltr'>adeo</span> <span class='ocrx_word' id='word_1_68' title='bbox 1300 633 1338 657; x_wconf 88' lang='lat' dir='ltr'>ut</span> 
     </span>
     <span class='ocr_line' id='line_1_10' title="bbox 193 691 1339 737; baseline -0.002 -13"><span class='ocrx_word' id='word_1_69' title='bbox 193 691 351 726; x_wconf 79' lang='lat' dir='ltr'>vitandae</span> <span class='ocrx_word' id='word_1_70' title='bbox 375 691 565 725; x_wconf 80' lang='lat' dir='ltr'>multorum</span> <span class='ocrx_word' id='word_1_71' title='bbox 590 692 793 732; x_wconf 86' lang='lat' dir='ltr'>offensioni,</span> <span class='ocrx_word' id='word_1_72' title='bbox 826 705 869 726; x_wconf 89' lang='lat' dir='ltr'>ne</span> <span class='ocrx_word' id='word_1_73' title='bbox 901 705 918 726; x_wconf 82' lang='lat' dir='ltr'>a</span> <span class='ocrx_word' id='word_1_74' title='bbox 943 704 1116 737; x_wconf 85' lang='lat' dir='ltr'>quoquam</span> <span class='ocrx_word' id='word_1_75' title='bbox 1147 691 1339 732; x_wconf 83' lang='lat' dir='ltr'>legerentur</span> 
     </span>
     <span class='ocr_line' id='line_1_11' title="bbox 194 753 1339 798; baseline -0.003 -10"><span class='ocrx_word' id='word_1_76' title='bbox 194 755 277 788; x_wconf 85' lang='lat' dir='ltr'>istae</span> <span class='ocrx_word' id='word_1_77' title='bbox 295 755 552 796; x_wconf 87' lang='lat' dir='ltr'>Conclusiones,</span> <span class='ocrx_word' id='word_1_78' title='bbox 578 755 715 788; x_wconf 84' lang='lat' dir='ltr'>decreto</span> <span class='ocrx_word' id='word_1_79' title='bbox 741 755 886 789; x_wconf 77' lang='lat' dir='ltr'>sanxerit</span> <span class='ocrx_word' id='word_1_80' title='bbox 903 754 1122 788; x_wconf 82' lang='lat' dir='ltr'>Innocentius</span> <span class='ocrx_word' id='word_1_81' title='bbox 1138 753 1233 788; x_wconf 80' lang='lat' dir='ltr'>Vlll.</span> <span class='ocrx_word' id='word_1_82' title='bbox 1251 765 1339 798; x_wconf 86' lang='lat' dir='ltr'>pon·</span> 
     </span>
     <span class='ocr_line' id='line_1_12' title="bbox 195 810 1339 861; baseline -0.003 -10"><span class='ocrx_word' id='word_1_83' title='bbox 195 817 278 851; x_wconf 80' lang='lat' dir='ltr'>tifex</span> <span class='ocrx_word' id='word_1_84' title='bbox 302 818 485 861; x_wconf 81' lang='lat' dir='ltr'>maximus3</span> <span class='ocrx_word' id='word_1_85' title='bbox 518 819 645 852; x_wconf 74' lang='lat' dir='ltr'>salvam</span> <span class='ocrx_word' id='word_1_86' title='bbox 669 810 782 852; x_wconf 83' lang='lat' dir='ltr'>tamen</span> <span class='ocrx_word' id='word_1_87' title='bbox 815 832 852 852; x_wconf 78' lang='lat' dir='ltr'>ac</span> <span class='ocrx_word' id='word_1_88' title='bbox 877 818 1040 861; x_wconf 83' lang='lat' dir='ltr'>integram</span> <span class='ocrx_word' id='word_1_89' title='bbox 1065 817 1139 851; x_wconf 87' lang='lat' dir='ltr'>Pici</span> <span class='ocrx_word' id='word_1_90' title='bbox 1172 814 1339 850; x_wconf 86' lang='lat' dir='ltr'>existima-</span> 
     </span>
     <span class='ocr_line' id='line_1_13' title="bbox 193 880 1337 928; baseline -0.003 -14"><span class='ocrx_word' id='word_1_91' title='bbox 193 880 325 914; x_wconf 77' lang='lat' dir='ltr'>tionem</span> <span class='ocrx_word' id='word_1_92' title='bbox 352 895 422 916; x_wconf 87' lang='lat' dir='ltr'>esse</span> <span class='ocrx_word' id='word_1_93' title='bbox 447 881 604 915; x_wconf 83' lang='lat' dir='ltr'>voluerit.</span> <span class='ocrx_word' id='word_1_94' title='bbox 639 881 748 928; x_wconf 87' lang='lat' dir='ltr'>Hujus</span> <span class='ocrx_word' id='word_1_95' title='bbox 771 895 945 915; x_wconf 82' lang='lat' dir='ltr'>successor</span> <span class='ocrx_word' id='word_1_96' title='bbox 963 880 1154 915; x_wconf 80' lang='lat' dir='ltr'>Alexander</span> <span class='ocrx_word' id='word_1_97' title='bbox 1166 880 1224 913; x_wconf 86' lang='lat' dir='ltr'>VI.</span> <span class='ocrx_word' id='word_1_98' title='bbox 1248 890 1337 912; x_wconf 85' lang='lat' dir='ltr'>anno</span> 
     </span>
     <span class='ocr_line' id='line_1_14' title="bbox 195 940 1339 990; baseline -0.004 -11"><span class='ocrx_word' id='word_1_99' title='bbox 195 943 297 980; x_wconf 80' lang='grc'><strong>1493.</strong></span> <span class='ocrx_word' id='word_1_100' title='bbox 323 944 375 980; x_wconf 83' lang='grc'>18.</span> <span class='ocrx_word' id='word_1_101' title='bbox 388 944 484 978; x_wconf 89' lang='lat' dir='ltr'>Junii</span> <span class='ocrx_word' id='word_1_102' title='bbox 508 944 618 978; x_wconf 73' lang='lat' dir='ltr'>Breve</span> <span class='ocrx_word' id='word_1_103' title='bbox 637 945 876 990; x_wconf 84' lang='lat' dir='ltr'>Apostolicum</span> <span class='ocrx_word' id='word_1_104' title='bbox 900 944 943 977; x_wconf 86' lang='lat' dir='ltr'>ad</span> <span class='ocrx_word' id='word_1_105' title='bbox 967 944 1088 977; x_wconf 90' lang='lat' dir='ltr'>Picum</span> <span class='ocrx_word' id='word_1_106' title='bbox 1115 941 1219 982; x_wconf 81' lang='lat' dir='ltr'>dedit,</span> <span class='ocrx_word' id='word_1_107' title='bbox 1244 940 1339 987; x_wconf 86' lang='lat' dir='ltr'>quod</span> 
     </span>
     <span class='ocr_line' id='line_1_15' title="bbox 195 1004 1338 1053; baseline -0.003 -14"><span class='ocrx_word' id='word_1_108' title='bbox 195 1015 246 1039; x_wconf 89' lang='lat' dir='ltr'>est</span> <span class='ocrx_word' id='word_1_109' title='bbox 268 1005 474 1053; x_wconf 85' lang='lat' dir='ltr'>hujusmodi,</span> <span class='ocrx_word' id='word_1_110' title='bbox 499 1016 538 1040; x_wconf 89' lang='lat' dir='ltr'>ut</span> <span class='ocrx_word' id='word_1_111' title='bbox 559 1020 622 1052; x_wconf 90' lang='lat' dir='ltr'>pro</span> <span class='ocrx_word' id='word_1_112' title='bbox 638 1007 809 1052; x_wconf 80' lang='lat' dir='ltr'>Apologia</span> <span class='ocrx_word' id='word_1_113' title='bbox 833 1007 946 1053; x_wconf 89' lang='lat' dir='ltr'>ipsum</span> <span class='ocrx_word' id='word_1_114' title='bbox 973 1007 1084 1040; x_wconf 79' lang='lat' dir='ltr'>valere</span> <span class='ocrx_word' id='word_1_115' title='bbox 1108 1004 1226 1051; x_wconf 84' lang='lat' dir='ltr'>possit,</span> <span class='ocrx_word' id='word_1_116' title='bbox 1251 1004 1338 1037; x_wconf 80' lang='lat' dir='ltr'>adeo</span> 
     </span>
     <span class='ocr_line' id='line_1_16' title="bbox 196 1065 1340 1112; baseline -0.003 -10"><span class='ocrx_word' id='word_1_117' title='bbox 196 1081 312 1102; x_wconf 80' lang='lat' dir='ltr'>severa</span> <span class='ocrx_word' id='word_1_118' title='bbox 337 1078 371 1103; x_wconf 86' lang='lat' dir='ltr'>et</span> <span class='ocrx_word' id='word_1_119' title='bbox 394 1069 486 1112; x_wconf 86' lang='lat' dir='ltr'>gravi</span> <span class='ocrx_word' id='word_1_120' title='bbox 513 1069 667 1103; x_wconf 81' lang='lat' dir='ltr'>oratione</span> <span class='ocrx_word' id='word_1_121' title='bbox 692 1071 786 1103; x_wconf 86' lang='lat' dir='ltr'>omni</span> <span class='ocrx_word' id='word_1_122' title='bbox 810 1069 931 1103; x_wconf 87' lang='lat' dir='ltr'>Picum</span> <span class='ocrx_word' id='word_1_123' title='bbox 955 1069 1133 1102; x_wconf 79' lang='lat' dir='ltr'>haereseos</span> <span class='ocrx_word' id='word_1_124' title='bbox 1158 1076 1192 1101; x_wconf 88' lang='lat' dir='ltr'>et</span> <span class='ocrx_word' id='word_1_125' title='bbox 1217 1065 1340 1100; x_wconf 83' lang='lat' dir='ltr'>erroris</span> 
     </span>
     <span class='ocr_line' id='line_1_17' title="bbox 196 1127 1341 1178; baseline -0.003 -14"><span class='ocrx_word' id='word_1_126' title='bbox 196 1131 391 1177; x_wconf 77' lang='lat' dir='ltr'>suspicione</span> <span class='ocrx_word' id='word_1_127' title='bbox 416 1132 548 1166; x_wconf 74' lang='lat' dir='ltr'>liberat.</span> <span class='ocrx_word' id='word_1_128' title='bbox 597 1132 681 1166; x_wconf 82' lang='lat' dir='ltr'>Aliis</span> <span class='ocrx_word' id='word_1_129' title='bbox 705 1142 790 1178; x_wconf 84' lang='lat' dir='ltr'>puto</span> <span class='ocrx_word' id='word_1_130' title='bbox 815 1131 891 1166; x_wconf 87' lang='lat' dir='ltr'>Pici</span> <span class='ocrx_word' id='word_1_131' title='bbox 916 1131 1129 1176; x_wconf 81' lang='lat' dir='ltr'>exemplum,</span> <span class='ocrx_word' id='word_1_132' title='bbox 1160 1138 1200 1163; x_wconf 90' lang='lat' dir='ltr'>ut</span> <span class='ocrx_word' id='word_1_133' title='bbox 1229 1127 1341 1162; x_wconf 87' lang='lat' dir='ltr'>simile</span> 
     </span>
     <span class='ocr_line' id='line_1_18' title="bbox 195 1189 1342 1238; baseline -0.003 -12"><span class='ocrx_word' id='word_1_134' title='bbox 195 1206 259 1238; x_wconf 89' lang='lat' dir='ltr'>pro</span> <span class='ocrx_word' id='word_1_135' title='bbox 288 1194 437 1236; x_wconf 82' lang='lat' dir='ltr'>Origene</span> <span class='ocrx_word' id='word_1_136' title='bbox 463 1194 644 1235; x_wconf 78' lang='lat' dir='ltr'>auderent,</span> <span class='ocrx_word' id='word_1_137' title='bbox 675 1195 817 1228; x_wconf 86' lang='lat' dir='ltr'>stimulo</span> <span class='ocrx_word' id='word_1_138' title='bbox 843 1194 917 1228; x_wconf 81' lang='lat' dir='ltr'>suit.</span> <span class='ocrx_word' id='word_1_139' title='bbox 967 1194 1081 1238; x_wconf 85' lang='lat' dir='ltr'>Quam</span> <span class='ocrx_word' id='word_1_140' title='bbox 1115 1193 1160 1226; x_wconf 90' lang='lat' dir='ltr'>ob</span> <span class='ocrx_word' id='word_1_141' title='bbox 1183 1204 1258 1225; x_wconf 87' lang='lat' dir='ltr'>rem</span> <span class='ocrx_word' id='word_1_142' title='bbox 1280 1189 1342 1224; x_wconf 84' lang='lat' dir='ltr'>Jo-</span> 
     </span>
     <span class='ocr_line' id='line_1_19' title="bbox 196 1253 1342 1303; baseline -0.003 -14"><span class='ocrx_word' id='word_1_143' title='bbox 196 1269 298 1290; x_wconf 86' lang='lat' dir='ltr'>annes</span> <span class='ocrx_word' id='word_1_144' title='bbox 322 1256 509 1290; x_wconf 85' lang='lat' dir='ltr'>Nauclcrus</span> <span class='ocrx_word' id='word_1_145' title='bbox 533 1256 759 1300; x_wconf 79' lang='lat' dir='ltr'>Tubingensis</span> <span class='ocrx_word' id='word_1_146' title='bbox 783 1257 994 1303; x_wconf 85' lang='lat' dir='ltr'>praepositus</span> <span class='ocrx_word' id='word_1_147' title='bbox 1020 1255 1160 1299; x_wconf 82' lang='lat' dir='ltr'>insignia</span> <span class='ocrx_word' id='word_1_148' title='bbox 1183 1255 1218 1288; x_wconf 87' lang='lat' dir='ltr'>in</span> <span class='ocrx_word' id='word_1_149' title='bbox 1234 1253 1342 1288; x_wconf 87' lang='lat' dir='ltr'>Chro-</span> 
     </span>
     <span class='ocr_line' id='line_1_20' title="bbox 197 1318 1342 1365; baseline -0.003 -14"><span class='ocrx_word' id='word_1_150' title='bbox 197 1319 276 1352; x_wconf 89' lang='lat' dir='ltr'>nico</span> <span class='ocrx_word' id='word_1_151' title='bbox 303 1318 443 1361; x_wconf 85' lang='lat' dir='ltr'>Origeni</span> <span class='ocrx_word' id='word_1_152' title='bbox 468 1318 579 1361; x_wconf 83' lang='lat' dir='ltr'>elogia</span> <span class='ocrx_word' id='word_1_153' title='bbox 603 1320 813 1365; x_wconf 74' lang='lat' dir='ltr'>conscripsit.</span> <span class='ocrx_word' id='word_1_154' title='bbox 848 1319 968 1353; x_wconf 85' lang='lat' dir='ltr'>Multis</span> <span class='ocrx_word' id='word_1_155' title='bbox 994 1333 1072 1352; x_wconf 87' lang='lat' dir='ltr'>eum</span> <span class='ocrx_word' id='word_1_156' title='bbox 1097 1329 1235 1363; x_wconf 86' lang='lat' dir='ltr'>quoque</span> <span class='ocrx_word' id='word_1_157' title='bbox 1261 1328 1342 1349; x_wconf 89' lang='lat' dir='ltr'>con-</span> 
     </span>
     <span class='ocr_line' id='line_1_21' title="bbox 199 1376 1342 1426; baseline 0.004 -14"><span class='ocrx_word' id='word_1_158' title='bbox 199 1380 383 1413; x_wconf 81' lang='lat' dir='ltr'>celebravit</span> <span class='ocrx_word' id='word_1_159' title='bbox 395 1380 551 1414; x_wconf 81' lang='lat' dir='ltr'>laudibus</span> <span class='ocrx_word' id='word_1_160' title='bbox 564 1382 713 1415; x_wconf 83' lang='lat' dir='ltr'>Joannes</span> <span class='ocrx_word' id='word_1_161' title='bbox 728 1381 936 1415; x_wconf 85' lang='lat' dir='ltr'>Trithemius</span> <span class='ocrx_word' id='word_1_162' title='bbox 950 1382 1051 1414; x_wconf 88' lang='lat' dir='ltr'>abbas</span> <span class='ocrx_word' id='word_1_163' title='bbox 1067 1376 1342 1426; x_wconf 65' lang='lat' dir='ltr'>Spanbct&#39;nensisv</span> 
     </span>
     <span class='ocr_line' id='line_1_22' title="bbox 197 1438 1343 1488; baseline -0.003 -12"><span class='ocrx_word' id='word_1_164' title='bbox 197 1443 233 1476; x_wconf 86' lang='lat' dir='ltr'>in</span> <span class='ocrx_word' id='word_1_165' title='bbox 257 1443 335 1477; x_wconf 86' lang='lat' dir='ltr'>libr.</span> <span class='ocrx_word' id='word_1_166' title='bbox 361 1442 403 1475; x_wconf 82' lang='lat' dir='ltr'>de</span> <span class='ocrx_word' id='word_1_167' title='bbox 425 1443 540 1488; x_wconf 86' lang='lat' dir='ltr'>script.</span> <span class='ocrx_word' id='word_1_168' title='bbox 567 1445 704 1485; x_wconf 88' lang='lat' dir='ltr'>eccles.,</span> <span class='ocrx_word' id='word_1_169' title='bbox 735 1457 797 1478; x_wconf 89' lang='lat' dir='ltr'>nec</span> <span class='ocrx_word' id='word_1_170' title='bbox 823 1457 954 1478; x_wconf 76' lang='lat' dir='ltr'>errores</span> <span class='ocrx_word' id='word_1_171' title='bbox 977 1454 1092 1478; x_wconf 81' lang='lat' dir='ltr'>tamen</span> <span class='ocrx_word' id='word_1_172' title='bbox 1114 1441 1221 1487; x_wconf 88' lang='lat' dir='ltr'>ipsius</span> <span class='ocrx_word' id='word_1_173' title='bbox 1246 1438 1343 1473; x_wconf 81' lang='lat' dir='ltr'>dissi-</span> 
     </span>
     <span class='ocr_line' id='line_1_23' title="bbox 197 1504 1280 1552; baseline -0.002 -14"><span class='ocrx_word' id='word_1_174' title='bbox 197 1504 359 1546; x_wconf 83' lang='lat' dir='ltr'>mulavit,</span> <span class='ocrx_word' id='word_1_175' title='bbox 383 1505 424 1538; x_wconf 82' lang='lat' dir='ltr'>ab</span> <span class='ocrx_word' id='word_1_176' title='bbox 449 1505 557 1550; x_wconf 88' lang='lat' dir='ltr'>iisque</span> <span class='ocrx_word' id='word_1_177' title='bbox 582 1506 616 1538; x_wconf 72' lang='lat' dir='ltr'>se‘</span> <span class='ocrx_word' id='word_1_178' title='bbox 641 1506 789 1541; x_wconf 88' lang='lat' dir='ltr'>alienum</span> <span class='ocrx_word' id='word_1_179' title='bbox 815 1520 885 1540; x_wconf 84' lang='lat' dir='ltr'>esse</span> <span class='ocrx_word' id='word_1_180' title='bbox 911 1507 999 1539; x_wconf 83' lang='lat' dir='ltr'>velle</span> <span class='ocrx_word' id='word_1_181' title='bbox 1024 1506 1196 1552; x_wconf 74' lang='lat' dir='ltr'>professus</span> <span class='ocrx_word' id='word_1_182' title='bbox 1222 1512 1280 1537; x_wconf 84' lang='lat' dir='ltr'>est.</span> 
     </span>
     <span class='ocr_line' id='line_1_24' title="bbox 287 1563 1343 1614; baseline -0.003 -14"><span class='ocrx_word' id='word_1_183' title='bbox 287 1567 365 1601; x_wconf 85' lang='lat' dir='ltr'>XX.</span> <span class='ocrx_word' id='word_1_184' title='bbox 413 1567 516 1601; x_wconf 89' lang='lat' dir='ltr'>Initio</span> <span class='ocrx_word' id='word_1_185' title='bbox 542 1569 726 1614; x_wconf 83' lang='lat' dir='ltr'>superioris</span> <span class='ocrx_word' id='word_1_186' title='bbox 757 1569 883 1603; x_wconf 80' lang='lat' dir='ltr'>saeculi</span> <span class='ocrx_word' id='word_1_187' title='bbox 906 1581 1034 1614; x_wconf 83' lang='lat' dir='ltr'>sparsas</span> <span class='ocrx_word' id='word_1_188' title='bbox 1064 1567 1099 1602; x_wconf 88' lang='lat' dir='ltr'>in</span> <span class='ocrx_word' id='word_1_189' title='bbox 1123 1563 1343 1601; x_wconf 83' lang='lat' dir='ltr'>bibliothecis</span> 
     </span>
     <span class='ocr_line' id='line_1_25' title="bbox 198 1619 1344 1681; baseline -0.004 -16"><span class='ocrx_word' id='word_1_190' title='bbox 198 1629 480 1673; x_wconf 78' lang='lat' dir='ltr'>Origenianarum</span> <span class='ocrx_word' id='word_1_191' title='bbox 504 1631 729 1681; x_wconf 59' lang='lat' dir='ltr'>scriptionum</span> <span class='ocrx_word' id='word_1_192' title='bbox 754 1619 920 1677; x_wconf 34' lang='lat' dir='ltr'>‘reliquias</span> <span class='ocrx_word' id='word_1_193' title='bbox 951 1631 1132 1674; x_wconf 83' lang='lat' dir='ltr'>colligere,</span> <span class='ocrx_word' id='word_1_194' title='bbox 1163 1639 1198 1663; x_wconf 87' lang='lat' dir='ltr'>ct</span> <span class='ocrx_word' id='word_1_195' title='bbox 1219 1628 1254 1662; x_wconf 86' lang='lat' dir='ltr'>in</span> <span class='ocrx_word' id='word_1_196' title='bbox 1279 1640 1344 1673; x_wconf 83' lang='lat' dir='ltr'>pu-</span> 
     </span>
     <span class='ocr_line' id='line_1_26' title="bbox 199 1692 1343 1740; baseline 0.001 -15"><span class='ocrx_word' id='word_1_197' title='bbox 199 1692 328 1726; x_wconf 80' lang='lat' dir='ltr'>blicam</span> <span class='ocrx_word' id='word_1_198' title='bbox 364 1693 475 1726; x_wconf 84' lang='lat' dir='ltr'>lucem</span> <span class='ocrx_word' id='word_1_199' title='bbox 518 1695 598 1727; x_wconf 78' lang='lat' dir='ltr'>dare</span> <span class='ocrx_word' id='word_1_200' title='bbox 634 1695 765 1740; x_wconf 86' lang='lat' dir='ltr'>primus</span> <span class='ocrx_word' id='word_1_201' title='bbox 810 1694 958 1729; x_wconf 86' lang='lat' dir='ltr'>instituit</span> <span class='ocrx_word' id='word_1_202' title='bbox 991 1694 1140 1727; x_wconf 73' lang='lat' dir='ltr'>,Iacobus</span> <span class='ocrx_word' id='word_1_203' title='bbox 1175 1692 1343 1727; x_wconf 82' lang='lat' dir='ltr'>Merlinus</span> 
     </span>
     <span class='ocr_line' id='line_1_27' title="bbox 200 1753 1343 1800; baseline -0.002 -12"><span class='ocrx_word' id='word_1_204' title='bbox 200 1755 467 1797; x_wconf 86' lang='lat' dir='ltr'>Victurniensis,</span> <span class='ocrx_word' id='word_1_205' title='bbox 502 1757 718 1800; x_wconf 83' lang='lat' dir='ltr'>Theologus,</span> <span class='ocrx_word' id='word_1_206' title='bbox 752 1757 962 1797; x_wconf 80' lang='lat' dir='ltr'>canonicus,</span> <span class='ocrx_word' id='word_1_207' title='bbox 994 1765 1027 1790; x_wconf 87' lang='lat' dir='ltr'>et</span> <span class='ocrx_word' id='word_1_208' title='bbox 1057 1753 1343 1789; x_wconf 82' lang='lat' dir='ltr'>Poenitentiarius</span> 
     </span>
     <span class='ocr_line' id='line_1_28' title="bbox 198 1815 1342 1867; baseline -0.002 -17"><span class='ocrx_word' id='word_1_209' title='bbox 198 1817 408 1854; x_wconf 73' lang='lat' dir='ltr'>Parisiensis.</span> <span class='ocrx_word' id='word_1_210' title='bbox 464 1819 572 1865; x_wconf 87' lang='lat' dir='ltr'>Operi</span> <span class='ocrx_word' id='word_1_211' title='bbox 602 1821 808 1867; x_wconf 78' lang='lat' dir='ltr'>Apologiam</span> <span class='ocrx_word' id='word_1_212' title='bbox 844 1819 976 1853; x_wconf 81' lang='lat' dir='ltr'>addidit</span> <span class='ocrx_word' id='word_1_213' title='bbox 1011 1831 1074 1863; x_wconf 88' lang='lat' dir='ltr'>pro</span> <span class='ocrx_word' id='word_1_214' title='bbox 1107 1817 1273 1860; x_wconf 84' lang='lat' dir='ltr'>Origene,</span> <span class='ocrx_word' id='word_1_215' title='bbox 1308 1815 1342 1848; x_wconf 86' lang='lat' dir='ltr'>in</span> 
     </span>
     <span class='ocr_line' id='line_1_29' title="bbox 201 1881 1343 1924; baseline -0.002 -12"><span class='ocrx_word' id='word_1_216' title='bbox 201 1892 266 1924; x_wconf 80' lang='lat' dir='ltr'>qua</span> <span class='ocrx_word' id='word_1_217' title='bbox 292 1881 334 1913; x_wconf 85' lang='lat' dir='ltr'>de</span> <span class='ocrx_word' id='word_1_218' title='bbox 359 1881 517 1922; x_wconf 87' lang='lat' dir='ltr'>Gelasio,</span> <span class='ocrx_word' id='word_1_219' title='bbox 551 1892 584 1915; x_wconf 88' lang='lat' dir='ltr'>et</span> <span class='ocrx_word' id='word_1_220' title='bbox 609 1883 673 1915; x_wconf 71' lang='lat' dir='ltr'>lata</span> <span class='ocrx_word' id='word_1_221' title='bbox 697 1883 738 1915; x_wconf 73' lang='lat' dir='ltr'>ab</span> <span class='ocrx_word' id='word_1_222' title='bbox 771 1896 812 1916; x_wconf 87' lang='lat' dir='ltr'>co</span> <span class='ocrx_word' id='word_1_223' title='bbox 844 1882 878 1915; x_wconf 87' lang='lat' dir='ltr'>in</span> <span class='ocrx_word' id='word_1_224' title='bbox 904 1881 1062 1916; x_wconf 88' lang='lat' dir='ltr'>Concilio</span> <span class='ocrx_word' id='word_1_225' title='bbox 1087 1881 1244 1914; x_wconf 78' lang='lat' dir='ltr'>Romano</span> <span class='ocrx_word' id='word_1_226' title='bbox 1269 1890 1343 1911; x_wconf 89' lang='lat' dir='ltr'>sen-</span> 
     </span>
     <span class='ocr_line' id='line_1_30' title="bbox 202 1942 1342 1992; baseline 0 -19"><span class='ocrx_word' id='word_1_227' title='bbox 202 1942 318 1982; x_wconf 83' lang='lat' dir='ltr'>tentia,</span> <span class='ocrx_word' id='word_1_228' title='bbox 342 1952 415 1975; x_wconf 85' lang='lat' dir='ltr'>tum</span> <span class='ocrx_word' id='word_1_229' title='bbox 440 1953 474 1976; x_wconf 89' lang='lat' dir='ltr'>et</span> <span class='ocrx_word' id='word_1_230' title='bbox 495 1945 537 1977; x_wconf 86' lang='lat' dir='ltr'>de</span> <span class='ocrx_word' id='word_1_231' title='bbox 562 1943 777 1992; x_wconf 87' lang='lat' dir='ltr'>Hieronymo</span> <span class='ocrx_word' id='word_1_232' title='bbox 802 1958 872 1978; x_wconf 90' lang='lat' dir='ltr'>non</span> <span class='ocrx_word' id='word_1_233' title='bbox 895 1944 973 1978; x_wconf 80' lang='lat' dir='ltr'>satis</span> <span class='ocrx_word' id='word_1_234' title='bbox 996 1943 1183 1989; x_wconf 84' lang='lat' dir='ltr'>prudenter</span> <span class='ocrx_word' id='word_1_235' title='bbox 1206 1943 1342 1975; x_wconf 76' lang='lat' dir='ltr'>locutus</span> 
     </span>
     <span class='ocr_line' id='line_1_31' title="bbox 202 2004 1344 2052; baseline 0 -17"><span class='ocrx_word' id='word_1_236' title='bbox 202 2012 263 2044; x_wconf 85' lang='lat' dir='ltr'>est,</span> <span class='ocrx_word' id='word_1_237' title='bbox 287 2016 349 2036; x_wconf 90' lang='lat' dir='ltr'>nec</span> <span class='ocrx_word' id='word_1_238' title='bbox 374 2014 409 2037; x_wconf 87' lang='lat' dir='ltr'>ut</span> <span class='ocrx_word' id='word_1_239' title='bbox 426 2005 643 2039; x_wconf 70' lang='lat' dir='ltr'>catholicum</span> <span class='ocrx_word' id='word_1_240' title='bbox 667 2020 705 2039; x_wconf 78' lang='lat' dir='ltr'>ac</span> <span class='ocrx_word' id='word_1_241' title='bbox 728 2007 823 2052; x_wconf 89' lang='lat' dir='ltr'>pium</span> <span class='ocrx_word' id='word_1_242' title='bbox 839 2007 961 2046; x_wconf 84' lang='lat' dir='ltr'>virum,</span> <span class='ocrx_word' id='word_1_243' title='bbox 983 2006 1109 2038; x_wconf 89' lang='lat' dir='ltr'>nedum</span> <span class='ocrx_word' id='word_1_244' title='bbox 1126 2004 1344 2045; x_wconf 84' lang='lat' dir='ltr'>Theologum</span> 
     </span>
     <span class='ocr_line' id='line_1_32' title="bbox 202 2065 1343 2115; baseline -0.001 -17"><span class='ocrx_word' id='word_1_245' title='bbox 202 2066 334 2107; x_wconf 82' lang='lat' dir='ltr'>decuit,</span> <span class='ocrx_word' id='word_1_246' title='bbox 360 2067 493 2112; x_wconf 80' lang='lat' dir='ltr'>aliaque</span> <span class='ocrx_word' id='word_1_247' title='bbox 517 2068 639 2113; x_wconf 78' lang='lat' dir='ltr'>adjecit</span> <span class='ocrx_word' id='word_1_248' title='bbox 663 2069 789 2109; x_wconf 80' lang='lat' dir='ltr'>multa,</span> <span class='ocrx_word' id='word_1_249' title='bbox 814 2083 897 2115; x_wconf 77' lang='lat' dir='ltr'>quae</span> <span class='ocrx_word' id='word_1_250' title='bbox 924 2069 1069 2102; x_wconf 70' lang='lat' dir='ltr'>Massaei</span> <span class='ocrx_word' id='word_1_251' title='bbox 1092 2065 1343 2110; x_wconf 70' lang='lat' dir='ltr'>Camerapensis</span> 
     </span>
     <span class='ocr_line' id='line_1_33' title="bbox 201 2128 1343 2169; baseline -0.001 -8"><span class='ocrx_word' id='word_1_252' title='bbox 201 2128 338 2162; x_wconf 82' lang='lat' dir='ltr'>scholae</span> <span class='ocrx_word' id='word_1_253' title='bbox 366 2139 439 2162; x_wconf 77' lang='lat' dir='ltr'>tum</span> <span class='ocrx_word' id='word_1_254' title='bbox 463 2130 622 2169; x_wconf 80' lang='lat' dir='ltr'>rectoris,</span> <span class='ocrx_word' id='word_1_255' title='bbox 655 2141 687 2163; x_wconf 85' lang='lat' dir='ltr'>et</span> <span class='ocrx_word' id='word_1_256' title='bbox 712 2132 839 2164; x_wconf 80' lang='lat' dir='ltr'>Natalis</span> <span class='ocrx_word' id='word_1_257' title='bbox 864 2131 978 2164; x_wconf 71' lang='lat' dir='ltr'>Bedae</span> <span class='ocrx_word' id='word_1_258' title='bbox 1009 2130 1176 2164; x_wconf 78' lang='lat' dir='ltr'>facultatis</span> <span class='ocrx_word' id='word_1_259' title='bbox 1207 2128 1343 2162; x_wconf 82' lang='lat' dir='ltr'>theolo-</span> 
     </span>
     <span class='ocr_line' id='line_1_34' title="bbox 199 2190 1341 2239; baseline -0.001 -16"><span class='ocrx_word' id='word_1_260' title='bbox 199 2191 293 2233; x_wconf 83' lang='lat' dir='ltr'>gicae</span> <span class='ocrx_word' id='word_1_261' title='bbox 328 2192 458 2239; x_wconf 72' lang='lat' dir='ltr'>syndici</span> <span class='ocrx_word' id='word_1_262' title='bbox 493 2192 818 2236; x_wconf 83' lang='lat' dir='ltr'>expostulationibus</span> <span class='ocrx_word' id='word_1_263' title='bbox 855 2204 1003 2238; x_wconf 76' lang='lat' dir='ltr'>patuere.</span> <span class='ocrx_word' id='word_1_264' title='bbox 1060 2193 1147 2226; x_wconf 92' lang='lat' dir='ltr'>Cum</span> <span class='ocrx_word' id='word_1_265' title='bbox 1186 2190 1341 2233; x_wconf 84' lang='lat' dir='ltr'>Origenis</span> 
     </span>
     <span class='ocr_line' id='line_1_35' title="bbox 201 2253 1340 2298; baseline -0.001 -13"><span class='ocrx_word' id='word_1_266' title='bbox 201 2266 280 2295; x_wconf 83' lang='lat' dir='ltr'>ergo</span> <span class='ocrx_word' id='word_1_267' title='bbox 307 2253 371 2298; x_wconf 84' lang='lat' dir='ltr'>ipsi</span> <span class='ocrx_word' id='word_1_268' title='bbox 403 2255 642 2296; x_wconf 76' lang='lat' dir='ltr'>affingerentur</span> <span class='ocrx_word' id='word_1_269' title='bbox 673 2268 820 2293; x_wconf 74' lang='lat' dir='ltr'>errorvs.</span> <span class='ocrx_word' id='word_1_270' title='bbox 853 2257 968 2288; x_wconf 79' lang='lat' dir='ltr'>multis</span> <span class='ocrx_word' id='word_1_271' title='bbox 1001 2269 1039 2288; x_wconf 74' lang='lat' dir='ltr'>ac</span> <span class='ocrx_word' id='word_1_272' title='bbox 1072 2257 1130 2288; x_wconf 85' lang='lat' dir='ltr'>diu</span> <span class='ocrx_word' id='word_1_273' title='bbox 1155 2267 1207 2287; x_wconf 81' lang='lat' dir='ltr'>res</span> <span class='ocrx_word' id='word_1_274' title='bbox 1229 2254 1262 2286; x_wconf 89' lang='lat' dir='ltr'>in</span> <span class='ocrx_word' id='word_1_275' title='bbox 1287 2265 1340 2284; x_wconf 85' lang='lat' dir='ltr'>su-</span> 
     </span>
    </p>
   </div>
   <div class='ocr_carea' id='block_1_3' title="bbox 198 2315 1340 2359">
    <p class='ocr_par' dir='ltr' id='par_1_3' title="bbox 198 2315 1340 2359">
     <span class='ocr_line' id='line_1_36' title="bbox 198 2315 1340 2359; baseline -0.001 -11"><span class='ocrx_word' id='word_1_276' title='bbox 198 2326 318 2359; x_wconf 78' lang='lat' dir='ltr'>premo</span> <span class='ocrx_word' id='word_1_277' title='bbox 344 2327 471 2357; x_wconf 77' lang='lat' dir='ltr'>senatu,</span> <span class='ocrx_word' id='word_1_278' title='bbox 496 2326 528 2350; x_wconf 87' lang='lat' dir='ltr'>et</span> <span class='ocrx_word' id='word_1_279' title='bbox 554 2317 640 2349; x_wconf 79' lang='lat' dir='ltr'>inter</span> <span class='ocrx_word' id='word_1_280' title='bbox 664 2315 833 2349; x_wconf 78' lang='lat' dir='ltr'>Parisinus</span> <span class='ocrx_word' id='word_1_281' title='bbox 858 2316 1038 2359; x_wconf 80' lang='lat' dir='ltr'>theologos</span> <span class='ocrx_word' id='word_1_282' title='bbox 1064 2325 1279 2351; x_wconf 75' lang='lat' dir='ltr'>controversa</span> <span class='ocrx_word' id='word_1_283' title='bbox 1303 2327 1340 2347; x_wconf 79' lang='lat' dir='ltr'>ac</span> 
     </span>
    </p>
   </div>
  </div>
 </body>
</html>
