1422 2472
396 78 708 112 Onmnmmonum
733 78 847 110 Lmen
872 78 912 111 ll.
1165 76 1208 110 25

81 166 332 199 simulationem
358 165 516 211 iactatum
539 167 655 200 asserit
666 166 894 214 Hieronymus
909 166 1051 210 Apolog.
1079 165 1154 198 libr.
1169 165 1208 198 ll.

81 241 152 272 cap.
167 227 200 262 3.
248 229 283 260 ln
310 229 524 261 praefatione
550 230 591 262 ad
617 228 800 262 Macarium
826 227 995 273 Pamphili
1021 227 1208 271 Apologiae

81 298 268 333 praetexta,
300 303 367 321 non
401 291 542 322 obscure
566 290 669 331 tangit
694 290 752 322 ille
777 290 1005 334 Epiphanium
1031 298 1064 321 et
1087 289 1210 320 Hiero-

81 362 238 395 uymum,
273 364 349 383 cum
383 351 424 383 de
455 363 514 383 sua
544 351 821 396 interpretatione
847 351 893 383 sic
920 350 1068 383 disserit:
1103 349 1208 382 »Mihi

83 421 194 444 tamen
219 425 286 444 non
313 413 431 444 dubito
457 412 536 456 quin
562 413 727 445 offensam
753 413 930 444 maximam
957 421 1129 456 comparet
1154 425 1210 443 eo-

83 486 177 510 rum,
209 473 266 518 qui
296 487 330 505 se
363 474 470 505 laesos
496 483 618 517 putant
641 475 682 505 ab
708 487 767 515 eo,
804 474 860 518 qui
894 475 934 506 de
968 474 1113 515 Origene
1143 487 1210 506 non

85 534 212 579 aliquid
239 536 325 566 male
351 534 521 567 senserim«
573 536 681 579 Atque
715 534 797 566 baec
827 535 972 566 similem
1004 534 1106 579 ipsius
1133 549 1212 567 cou-

86 595 296 639 questionem
331 596 364 628 in
398 595 596 628 memoriam
628 605 806 634 revocant,
838 608 935 640 quam
961 595 994 627 in
1020 596 1214 628 Peroratio-

85 669 162 689 nem
203 658 243 689 ad
276 657 588 701 interpretationem
626 656 958 690 Commentariorum
991 657 1144 698 origenis
1179 658 1211 690 in

86 718 182 762 epist.
207 719 248 751 ad
277 720 447 751 Romanos
473 718 619 751 infersit:
655 720 743 752 »Sed
777 719 976 758 delectabit,
1004 719 1132 763 inquit,
1164 721 1214 752 in-

86 780 224 813 dulsisse
253 781 443 820 laboribus,
467 780 493 812 si
518 781 623 812 modo
649 792 738 818 non,
771 788 808 810 ut
840 780 872 812 in
904 779 977 811 aliis
1009 783 1133 824 experti
1159 795 1213 814 su-

86 855 177 878 mus.
211 843 398 874 malevolae
431 851 559 873 mentes
593 840 712 882 vigiliis
743 840 865 872 nostris
891 842 1112 875 contumelias
1137 845 1213 875 red-

86 904 176 942 dant,
201 903 227 936 si
253 917 320 936 non
346 904 454 936 studia
479 902 800 942 obtrectationibus,
842 912 874 935 et
905 903 1036 936 labores
1060 917 1215 937 remune-

88 973 204 996 rentur
234 964 375 997 insidiis.
430 966 565 997 Novum
599 963 725 1008 quippe
757 964 846 1007 apud
880 977 936 996 eos
968 966 1086 1009 culpae
1113 979 1214 1008 genus

87 1026 281 1058 subimusza
311 1036 343 1058 et
368 1039 463 1058 mox:
492 1026 586 1058 »Hoc
611 1035 722 1057 autem
747 1036 858 1057 totum
883 1026 965 1058 mihi
990 1027 1125 1067 donant,
1146 1042 1213 1060 non

89 1101 203 1120 amore
229 1088 307 1126 mei,
331 1089 388 1120 sed
415 1087 496 1119 odio
523 1087 709 1119 Auctoris.«
759 1088 827 1120 Sed
854 1088 1030 1119 redeamus
1055 1089 1096 1120 ad
1124 1092 1215 1133 Apo-

92 1149 198 1190 logiae
223 1149 483 1180 praefationem.
531 1148 715 1191 Postquam
741 1148 904 1192 purgandi
937 1149 986 1180 sui
1013 1163 1135 1189 caussa,
1162 1165 1217 1183 ve-

92 1210 141 1242 lut
166 1210 410 1254 professionem
435 1208 514 1241 fidei
529 1209 669 1241 Rufinus
695 1209 816 1241 edidit:
846 1210 966 1248 »Haec,
991 1209 1110 1253 inquit,
1135 1211 1216 1243 Hie-

90 1272 269 1316 rosolymis
295 1271 327 1303 in
354 1271 494 1303 ecclesia
519 1270 585 1302 Dei
609 1283 625 1302 a
649 1279 764 1302 sancto
790 1271 964 1303 sacerdote
990 1270 1060 1316 ejus
1085 1273 1216 1305 ,Ioanne

90 1333 345 1377 praedicatum-3
370 1332 449 1363 haec
474 1344 534 1363 nos
560 1344 634 1363 cum
659 1331 734 1374 ipso
761 1340 794 1363 et
816 1331 958 1364 dicimus
977 1342 1006 1364 et
1032 1341 1215 1366 tenemus.«

91 1394 335 1440 Hieronymum
361 1393 461 1425 etiam
488 1392 536 1425 bis
561 1392 671 1424 verbis
696 1392 838 1424 defricat
869 1393 903 1425 in
927 1406 987 1425 suo
1013 1394 1054 1426 de
1080 1395 1219 1428 Adulte-

92 1455 222 1488 ratione
243 1455 407 1487 librorum
434 1453 591 1495 Origenis
624 1453 761 1486 libello:
806 1461 990 1487 »Auctores
1015 1456 1220 1489 obtrectato-

93 1531 166 1549 rum
193 1517 262 1563 ejus
288 1516 476 1560 (Origeuis)
499 1515 522 1546 ii
547 1524 641 1554 sunt,
666 1515 723 1559 qui
749 1516 801 1547 vel
827 1516 860 1547 in
885 1516 1024 1548 ecclesia
1051 1517 1219 1562 disputare

94 1579 193 1611 latius
217 1579 338 1616 solent,
363 1578 415 1608 vel
441 1576 541 1608 etiam
565 1576 669 1608 libros
693 1577 850 1616 scribere,
877 1578 933 1622 qui
953 1587 1061 1610 totum
1084 1581 1125 1611 dc
1143 1581 1220 1613 Ori,

95 1653 176 1682 gene
204 1640 256 1671 vel
283 1640 477 1683 loquuntur,
503 1639 555 1670 vel
581 1639 748 1670 scribunt:
773 1651 814 1670 ne
832 1639 861 1682 ¹)
888 1652 966 1680 ergo
992 1640 1106 1683 plures
1130 1641 1221 1686 ipso-

94 1715 168 1733 rum
194 1702 280 1732 furta
307 1709 518 1741 cognoscant,
544 1713 628 1744 quae
646 1700 774 1744 utique,
798 1699 825 1731 si
842 1699 958 1741 ingrati
977 1700 1009 1733 in
1030 1703 1221 1743 magistrum

96 1776 164 1795 non
190 1771 308 1801 essent,
334 1774 545 1806 nequaquam
572 1761 751 1794 criminosa
768 1761 974 1801 viderentur,
998 1763 1221 1807 simpliciores

98 1836 248 1869 quosque
281 1824 321 1855 ab
353 1823 423 1867 ejus
457 1823 604 1855 lectione
635 1824 835 1858 dete1·rent.«
892 1825 977 1856 Nam
1003 1837 1077 1856 cum
1105 1826 1222 1868 Orige-

98 1898 174 1917 nem
200 1884 340 1916 mirifice
373 1885 574 1916 celebrasset
604 1884 831 1929 Hieronymus
863 1885 961 1917 etiam
987 1895 1057 1917 tum
1083 1884 1222 1930 juvenis,

100 1955 132 1978 et
157 1946 232 1990 plus
258 1959 355 1989 quam
371 1946 425 1979 70.
476 1945 702 1978 Homileticos
726 1945 829 1989 ipsius
854 1947 968 1985 libros,
994 1947 1098 1979 multa
1125 1950 1223 1982 etiam

101 2008 143 2039 du
176 2007 294 2041 Tomis
326 2007 359 2039 in
395 2007 598 2050 Apostolum
628 2007 759 2051 scriptis
791 2008 907 2042 Latine
940 2008 1156 2049 reddidisset,
1187 2024 1223 2043 ex

199 2154 229 2197 ¹)
253 2154 338 2187 Edd.
364 2155 497 2188 unt-tii:
529 2170 570 2189 ne
604 2169 681 2198 crgo
715 2157 811 2201 plura
844 2171 960 2190 eorum
987 2159 1072 2191 furta
1099 2174 1224 2201 cogno-

107 2207 257 2249 scantur,
281 2199 337 2243 qui
363 2203 498 2244 utiquc,
530 2202 556 2233 si
583 2222 622 2227 —
649 2212 775 2243 essent,
813 2216 1023 2247 nequaquam
1055 2205 1225 2239 criminosi

107 2244 311 2283 viderentur,
335 2257 443 2289 neque
467 2246 689 2290 simpliciores
717 2268 757 2273 -—
783 2249 1001 2282 deterrerent.
