1413 2482
210 76 276 112 294
547 82 582 117 S.
607 82 781 115 ΡΑΜνΗιιι
807 81 997 116 MAR'rx'ms

214 179 314 211 quam
332 167 429 200 etiam
446 167 703 212 haereticorum,
718 172 958 217 percunctandi
972 171 1006 216 ¹)
1025 180 1123 215 atque
1136 168 1336 212 agnoscendi

211 228 323 261 studio
349 229 592 277 decurrunt22)
616 232 680 266 sibi
704 233 785 266 solis
809 233 936 267 scilicet
961 231 1102 266 concedi
1135 232 1256 264 debere
1280 244 1338 276 pc-

211 289 319 322 ritiarn
344 292 510 335 probandi
542 294 706 326 sermonis
729 304 866 339 putant,
897 304 935 327 ut
966 294 992 327 si
1024 293 1104 339 quid
1136 294 1266 338 bene³)
1297 293 1337 324 ab

211 351 325 396 aliquo
350 352 476 387 dictum
500 364 559 395 est,
583 356 727 389 retinere
751 357 874 397 sciant,
899 358 940 390 ab
965 356 1057 389 omni
1081 364 1192 388 autem
1205 354 1239 398 ⁴)
1262 367 1337 399 spc-

212 412 263 445 cie
286 414 373 447 mala
397 415 561 449 abstinere
585 431 620 450 se
644 418 818 451 noverint:
844 419 885 451 ab
909 417 959 451 his
983 430 1076 456 vero,
1101 417 1158 462 qui
1183 415 1339 458 Origenis

212 474 316 508 libros
341 476 471 519 legunt,
502 477 591 511 istud
614 479 747 524 penitus
772 480 943 512 exclusum
967 488 1088 524 putant
1110 491 1180 511 esse
1205 477 1340 510 manda-

211 546 298 577 tum,
323 551 390 583 quo
415 540 609 584 probabiles
634 540 791 586 jubentur
815 542 904 575 effici
927 541 1128 586 trapezitae,
1151 538 1340 582 scientes')

212 600 306 644 quod
328 601 457 633 bonum
483 611 531 634 est
554 602 710 642 retinere,
735 604 776 635 ab
802 603 897 636 omni
921 612 1031 635 autem
1056 614 1090 635 se
1115 600 1227 646 specie
1251 599 1340 633 mala

212 661 394 695 abstinere:
421 664 480 697 sed
503 673 632 697 tantum
645 665 751 698 modo
765 666 792 698 si
810 665 920 708 legere
942 665 1046 697 libros
1064 663 1154 696 illius
1167 662 1255 695 visus
1267 662 1340 694 sue·

211 723 265 764 rit,
287 724 399 757 statim
424 727 464 758 ab
489 726 539 759 his
563 727 809 759 haereticorum
833 726 1056 772 perfundetur
1078 723 1224 758 infamia.
1270 723 1341 756 De-

209 783 311 830 nique
335 798 410 819 cum
425 787 458 831 ⁶)
483 788 598 821 multis
631 782 789 821 honest'ae
821 788 908 820 vitae
941 796 975 820 et
997 786 1147 830 religiosi
1170 785 1340 831 propositi

210 846 300 888 viris,
322 847 356 880 in
381 848 500 893 quibus
523 850 607 883 nihil
632 864 770 895 prorsus
792 849 910 894 culpae
934 848 1125 888 inveniunt,
1148 847 1338 880 iuimicitias

211 918 353 953 propter
376 910 439 944 hoc
460 911 572 946 solum
596 912 730 952 habent,
755 912 783 945 si
809 925 926 944 eorum
948 911 1096 944 studium
1110 910 1141 954 ⁷)
1168 909 1254 942 circa
1269 921 1340 941 me-

211 971 332 1003 morati
366 972 426 1004 viri
459 973 563 1007 libros
593 973 796 1018 propensius
822 986 890 1006 esse
915 971 1163 1017 perspexerint,
1194 971 1341 1004 invidio-

209 1031 276 1065 sius
300 1032 399 1066 etiam
424 1034 484 1067 ist:-
508 1035 687 1078 fingentes,
718 1035 811 1080 quod
841 1035 882 1067 ab
914 1034 962 1066 his
986 1032 1020 1065 in
1046 1033 1124 1066 loco
1147 1042 1339 1066 sauctorum

210 1094 445 1138 apostolorum
470 1096 522 1129 vel
547 1097 789 1142 prophetarum
822 1106 888 1129 tam
918 1094 990 1140 ipse
1023 1107 1122 1139 quam
1155 1094 1244 1128 dicta
1269 1094 1338 1140 ejus

209 1155 401 1190 habeantur.
455 1158 524 1192 Sed
556 1160 597 1191 de
629 1159 693 1191 hoc
724 1167 852 1191 certum
885 1170 953 1190 non
985 1156 1111 1195 haben,
1140 1165 1254 1189 utrum
1286 1169 1339 1189 ca-

209 1217 395 1253 lumniandi
420 1229 500 1253 voto
525 1222 760 1254 tantummodo
786 1220 846 1253 ista
872 1219 1034 1265 jactitent,
1061 1218 1148 1262 anss)
1173 1217 1272 1250 etiam
1297 1219 1338 1250 ab

209 1279 375 1325 aliquibus
405 1281 667 1327 simplicioribus
699 1292 731 1315 et
755 1281 977 1328 propensiore
1009 1280 1134 1312 affectu
1170 1278 1339 1322 diligenti-

209 1342 271 1374 bus
308 1342 435 1385 virum,
480 1344 658 1389 aliquando
701 1343 849 1377 fortassis
888 1343 955 1375 tale
993 1340 1121 1385 aliquid
1159 1341 1336 1375 audierint.

210 1404 327 1448 Nos⁹)
349 1414 460 1438 tamen
484 1407 705 1452 perspicimus
730 1407 921 1451 frequenter
945 1417 992 1443 ea,
1018 1415 1101 1448 quae
1127 1403 1168 1434 ab
1194 1416 1234 1435 eo
1260 1416 1336 1436 cum

305 1550 336 1593 ¹)
361 1550 446 1583 Edd.
472 1552 518 1584 M.
541 1542 767 1596 percontandi
791 1558 891 1595 (tique
915 1552 1143 1593 coynoscendi.
1170 1560 1231 1585 etc.

303 1607 336 1650 2)
364 1606 471 1641 Alias:
496 1610 692 1651 decurrant.
717 1610 756 1642 R.

301 1662 335 1700 ³)
360 1662 465 1696 Deest
488 1665 522 1696 in
549 1664 646 1697 editis
671 1667 716 1709 (v.
744 1677 771 1696 c.
796 1664 872 1695 edd.
900 1663 963 1706 M.)
989 1664 1078 1697 bene.
1104 1663 1142 1695 R.

301 1717 334 1762 ⁴)
359 1719 463 1751 Deest
487 1720 520 1752 in
546 1720 644 1753 editis
669 1723 715 1764 (v.
740 1733 768 1752 c.
795 1720 870 1751 edd.
896 1719 960 1762 M)
984 1725 1104 1752 autem.
1131 1719 1168 1750 R-

302 1775 335 1817 ⁵)
361 1775 429 1808 Csr.
456 1777 468 1808 I
494 1775 608 1808 Thess.
635 1777 673 1815 V,
697 1776 750 1810 21.
774 1776 827 1809 22.

300 1830 335 1873 ⁶)
360 1830 415 1862 Sic
448 1831 527 1863 Mss.
565 1831 784 1865 sorbonicus.
837 1832 935 1864 Mser.
968 1843 1048 1862 vero
1079 1830 1220 1872 Regius:
1259 1844 1333 1865 cum

209 1875 324 1907 multis
353 1875 456 1908 bonae
486 1878 576 1909 vitae
606 1883 637 1909 et
666 1879 818 1921 <religiosi
847 1877 1012 1921 propositi
1035 1878 1131 1909 tir-is.
1170 1876 1271 1908 Mser.
1297 1878 1332 1910 S.

211 1919 368 1962 Remigii:
412 1933 485 1954 cum
522 1922 637 1954 multis
667 1924 835 1965 religiosis
873 1924 944 1954 vita
975 1928 1005 1954 et
1032 1923 1205 1966 proposito
1235 1924 1331 1955 viris.

212 1964 304 1997 Editi
329 1965 375 2009 (v.
402 1978 429 1998 e.
455 1966 530 1998 edd.
556 1966 621 2008 M.)
654 1976 687 1999 et
720 1968 818 1999 Mser.
852 1965 1079 2011 Corbejensis:
1121 1979 1195 2000 cum
1217 1969 1331 2001 mullis

210 2012 270 2043 Ιιοσ
293 2010 411 2054 (editi:
437 2011 554 2055 lmjus)
578 2013 668 2044 vitae
691 2019 721 2046 et
744 2014 912 2056 reliyiosis
933 2014 1103 2056 proposito
1124 2013 1221 2045 viris.
1246 2013 1284 2045 R.

302 2066 334 2109 ⁷)
359 2067 415 2099 Sic
440 2080 554 2099 omncs
579 2068 658 2100 Mss.
706 2068 796 2099 Edit}
823 2068 867 2111 (e.
896 2082 921 2102 c.
949 2068 1023 2101 cdd.
1050 2067 1117 2112 M.)
1140 2069 1264 2101 studia.
1291 2069 1330 2104 R.

303 2123 336 2165 ⁹)
361 2123 446 2157 Edd.
472 2124 519 2156 M.
545 2136 591 2157 an
615 2130 646 2157 et
670 2136 746 2157 vere
770 2124 811 2156 ab
839 2134 899 2155 cte.

302 2180 335 2222 9)
362 2179 440 2212 Mss.
464 2180 534 2211 sere
560 2192 686 2219 omncs,
711 2189 741 2211 et
769 2179 849 2212 editi
873 2181 918 2223 (v.
944 2192 971 2212 c.
997 2180 1071 2212 edd.
1090 2179 1154 2223 M.)
1180 2181 1246 2214 Nos
1271 2187 1328 2213 la-

212 2238 284 2276 mar}
304 2227 488 2270 perspectis
509 2227 705 2270 frequenter
730 2226 780 2258 his
807 2234 866 2257 etc.
899 2225 965 2256 Sed
983 2224 1104 2257 rectius
1121 2225 1220 2259 Mser.
1246 2238 1328 2257 unns

211 2280 245 2302 nt
271 2283 303 2302 ln
330 2280 428 2303 textu.
