1413 2482
155 114 222 152 156
486 114 600 149 Pzrm
624 114 799 149 Danaus
823 114 956 150 uuum

155 205 345 248 ligendum:
370 205 404 237 in
431 203 582 237 Levitico
608 203 699 237 idem
732 203 874 249 exprimi
906 216 968 249 per
998 207 1233 250 pectusculum
1260 217 1293 241 et

153 280 296 307 armum,
322 266 379 311 qui
403 266 637 299 sacerdotibus
668 275 858 312 separatur3
889 265 923 299 in
954 266 1095 306 Cantico
1125 280 1208 302 vero
1232 282 1294 315 per

153 330 268 363 ubera.
315 328 406 362 Tum
429 328 475 361 ita
500 327 693 362 concludit:
726 327 818 362 »Cor
842 337 957 369 tuum,
987 341 1008 361 0
1043 341 1166 374 sponse
1189 344 1295 373 meus,

153 393 189 426 id
215 401 276 432 est,
302 391 459 433 dogmata
484 403 569 435 quac
595 390 685 424 intra
714 399 748 424 te
773 399 868 431 sunt,
901 390 956 423 vel
981 390 1156 425 doctrinae
1181 393 1296 436 gratia,

154 462 292 500 superat
316 465 417 487 omne
442 452 577 493 vinum,
609 453 703 498 quod
736 465 797 486 cor
820 452 968 486 hominis
992 452 1175 487 laetificare
1198 455 1295 490 solet.

155 516 252 550 Sicut
276 515 365 549 enim
389 515 423 549 in
447 514 510 556 his,
534 515 576 548 de
602 515 724 561 quibus
749 515 876 549 dicit:«
907 514 1088 562 »>›Quia¹)
1111 516 1227 551 Deum
1251 517 1301 551 vi-

155 579 351 612 debuntza«
381 591 463 611 »cor
487 587 726 623 competenter
752 577 882 611 dictum
908 590 978 612 esse
1001 577 1158 620 videtur,
1191 589 1225 614 et
1249 579 1302 614 in-

154 651 207 675 ter
231 640 482 674 discumbentes
507 640 599 674 sinus
624 653 661 673 ac
685 648 804 685 pectus
828 639 971 686 ponitur
993 654 1058 687 pro
1087 640 1207 675 habitu
1231 642 1301 677 sine

156 703 262 737 dubio
295 703 601 744 discumbentium,
636 702 815 748 formaque
850 702 1020 736 convivii:
1057 712 1091 737 et
1120 717 1234 738 rursus
1264 714 1303 739 ut

155 766 248 812 apud
271 767 467 799 sacerdotes
489 765 728 811 pectusculum
760 774 794 798 et
822 765 999 799 brachium
1031 765 1185 812 mysticis
1216 766 1304 800 desi-

157 838 275 873 gnatur
301 828 470 874 eloquiis;
494 827 540 861 ita
565 827 667 861 etiam
690 823 838 861 arbitror
862 827 896 861 in
918 827 1090 873 praesenti
1114 828 1214 869 loco,
1243 829 1303 862 ubi

156 890 341 924 amantium
373 890 506 924 habitus
543 900 577 924 et
608 889 785 935 colloquia
825 889 1080 931 describuntur,
1117 889 1303 933 gratissime

156 954 222 987 hoc
262 953 375 998 ipsum
414 952 603 998 principale
641 951 770 988 cordis*
791 951 826 985 in
857 952 1020 985 uberibus
1059 952 1302 997 appellatum.«

156 1016 248 1049 Ecce
279 1015 343 1048 tibi
373 1028 426 1048 res
460 1015 596 1049 easdem
627 1014 662 1047 in
686 1013 839 1047 Homilia
870 1014 985 1059 priore
1016 1014 1057 1046 ab
1090 1013 1302 1062 Hieronymo

160 1090 321 1111 conversa
345 1090 438 1111 num.
457 1077 478 1112 3
501 1103 510 1118 ‚
544 1089 647 1122 super
683 1076 829 1109 eundem
855 1075 987 1110 Cantici
1012 1089 1165 1109 versum:
1193 1076 1305 1110 »Con-

159 1153 240 1183 grue
273 1152 385 1172 sermo
420 1139 555 1172 divinus
586 1151 688 1171 unam
720 1139 930 1184 eandemque
960 1151 1034 1172 rem
1057 1151 1121 1184 pro
1147 1139 1306 1174 locorum

163 1202 326 1248 qualitate
352 1201 492 1235 diversis
516 1200 691 1234 vocabulis
715 1210 899 1247 nuncupat.
950 1201 1098 1245 Quando
1119 1201 1230 1236 hostia
1254 1204 1306 1236 of-

162 1266 272 1299 fertur
297 1265 330 1298 in
355 1264 441 1307 lege,
467 1274 500 1297 et
523 1264 596 1297 vult
620 1263 837 1297 intellectum
852 1264 1043 1305 ostendere,
1068 1265 1307 1310 pectusculum

162 1327 385 1373 separationis
410 1327 543 1360 affatur.
594 1326 742 1370 Quando
768 1339 850 1359 vero
875 1326 1044 1360 recumbit
1075 1326 1198 1372 aliquis
1229 1341 1307 1362 cum

160 1392 254 1432 Jesu,
280 1399 313 1423 et
337 1402 495 1423 sensuum
521 1388 591 1435 ejus
618 1388 862 1422 communione
882 1388 1081 1434 perfruitur,
1106 1402 1174 1423 non
1189 1400 1307 1436 pectu-

161 1455 304 1495 sculum,
328 1462 489 1498 utsupra,
514 1452 573 1485 sed
592 1460 712 1496 pectus
730 1451 926 1497 alloquitur.
966 1451 1078 1485 Porro
1095 1466 1171 1486 cum
1184 1466 1308 1499 sponsa

164 1517 319 1562 loquitur
343 1516 385 1549 ad
410 1528 585 1561 sponsum,
603 1514 689 1560 'quia
712 1514 865 1559 nuptiale
880 1527 1014 1548 carmen
1029 1514 1214 1557 inducitur,
1237 1530 1308 1551 non

162 1579 418 1625 pectusculum,
450 1588 490 1612 ut
512 1578 547 1611 in
572 1577 758 1620 sacrifici03
786 1590 856 1610 non
881 1586 1019 1623 pectus,
1049 1587 1087 1612 ut
1116 1578 1151 1612 in
1174 1579 1307 1613 Joanne

162 1642 351 1686 discipul0,
382 1641 442 1674 sed
466 1642 583 1691 ubera,
601 1632 775 1681 nominat,
809 1640 975 1674 dicens2«
1013 1640 1193 1687 »»Quia²)
1217 1643 1308 1676 bona

161 1705 266 1737 ubera
298 1713 354 1737 tua
386 1716 489 1750 super
519 1703 689 1737 vinum.««
742 1703 990 1737 »Communica
1019 1713 1057 1737 ut
1080 1718 1205 1750 sponsa
1230 1719 1308 1739 cum

161 1766 312 1801 sensibus
338 1767 470 1812 sponsi,
503 1777 536 1800 et
566 1768 668 1807 scias,
705 1766 784 1812 quia
808 1767 975 1800 inebriant
1002 1776 1101 1813 atque
1125 1768 1308 1802 laetificant

161 1830 356 1864 istiusmodi
382 1831 555 1873 cogitatus.
570 1845 588 1859 «
639 1830 725 1874 Quis
749 1843 820 1863 non
847 1839 1029 1876 utrumque
1055 1830 1170 1864 locum
1194 1831 1229 1864 in
1255 1844 1308 1864 ea-

164 1894 242 1926 dem
267 1893 389 1926 incude
416 1895 600 1927 formatum
626 1893 738 1926 dicat?
773 1892 940 1926 Merlinus
966 1893 1103 1926 demum
1129 1893 1162 1926 in
1187 1894 1305 1939 aliquo

163 1956 303 2002 quidem
325 1956 454 1990 Codice
479 1969 605 1989 nomen
630 1955 832 2002 Hieronymi
863 1954 971 1999 Operi
995 1955 1073 1988 huic
1100 1956 1308 2002 adscriptum

163 2032 235 2054 sese
259 2019 423 2064 reperisse
453 2019 557 2060 dicit,
590 2019 648 2052 sed
685 2018 718 2051 in
749 2018 905 2051 omnibus
937 2027 1049 2051 tamen
1082 2019 1238 2060 vetustis,
1276 2029 1310 2053 et

162 2081 316 2129 probatis
340 2081 571 2116 voluminibus
597 2080 780 2124 Origeuem
813 2091 989 2114 auctorem
1020 2080 1140 2124 signari
1172 2082 1307 2125 fatetur.

164 2145 401 2179 Dubitandum
426 2144 540 2190 itaque
564 2156 632 2177 non
659 2153 725 2184 est,
759 2143 840 2188 quin
876 2143 1060 2186 Origenem
1085 2144 1182 2190 Opus
1205 2144 1308 2186 istud,

167 2209 208 2242 de
235 2222 302 2254 quo
328 2207 466 2252 agimus,
490 2216 662 2241 auctorem
688 2206 818 2239 habeat.

265 2332 296 2380 ¹)
321 2332 448 2371 Matth.
471 2333 514 2375 V,
536 2333 570 2369 8.
665 2333 700 2381 ²)
728 2332 854 2368 Cantic.
883 2331 1053 2368 Canticor.
1077 2332 1105 2374 I,
1128 2331 1160 2369 2.
