1413 2482
206 88 250 122 94
542 90 651 123 Ρετιυ
678 89 855 121 umens
881 89 1013 123 HuETn

207 178 271 210 cho
295 191 396 223 supra
422 188 692 211 commemorato
719 179 880 218 diversus,
907 179 1093 221 Origenem
1115 180 1249 225 scriptis
1273 194 1350 214 acu-

207 240 302 273 leatis
329 241 497 273 laceravit.

298 302 407 335 XVII.
454 302 504 334 Ex
537 315 578 335 eo
605 302 811 344 Origenismi
843 302 968 336 invidia
1002 303 1144 347 paulum
1170 304 1351 345 obsolevit,

207 378 269 398 nec
295 365 423 397 multos
447 377 589 410 sequens
614 374 703 398 aetas
728 364 794 410 ipsi
819 365 969 398 infensos
994 365 1082 399 tulit.
1123 366 1234 407 Anno,
1258 376 1351 412 post-

207 439 308 472 quam
331 426 484 471 synodus
510 427 625 472 quinta
651 427 819 461 celebrata
846 436 911 467 est,
946 427 1175 470 octogesimo,
1198 428 1352 473 Sophro—

205 488 281 522 nius
306 489 644 534 Hierosolymitanus
668 490 803 534 praesul
829 490 872 522 ad
886 488 1043 532 Sergium
1062 489 1351 535 Constantinopo-

207 551 350 584 titanum
374 551 598 596 patriarcham
628 552 823 598 synodicam
855 551 1004 585 scribens
1030 551 1228 597 epistolam,
1265 564 1350 597 quae

206 623 256 647 est
280 613 384 646 veluti
411 614 579 659 professio
605 615 697 655 fidei,
724 615 812 648 inter
835 614 920 647 alios
944 614 1195 647 haereticorum
1220 627 1351 648 errores

205 676 392 722 praecipua
423 686 598 710 enumerat
631 676 788 725 Origenis
827 676 984 718 dogmata
1021 677 1103 710 fidei
1141 676 1350 711 Christianae

207 738 394 779 contraria,
427 748 460 771 et
489 738 690 781 gravissimis
724 737 834 771 verbis
865 739 1038 779 confutat,
1076 739 1289 785 eundemque
1315 739 1349 772 in

206 801 366 835 Concilio
399 800 518 846 quinto
553 802 748 834 damnatum
777 799 883 833 tuisse
915 809 1100 843 asseverat;
1141 810 1213 834 tum
1239 801 1350 846 ipsum

205 863 332 897 deinde
357 876 434 896 cum
466 863 704 908 perditissimis
735 861 912 896 haereticis
945 862 1104 896 collocat.
1158 864 1278 897 Relata
1301 873 1351 897 est

204 925 287 959 haec
313 926 458 971 epistola
489 925 577 958 inter
606 928 690 958 Acta
724 925 847 970 synodi
876 934 988 958 sextae
1012 925 1148 959 Action.
1176 926 1230 960 11.
1276 926 1349 958 De-

201 989 283 1022 inde
307 987 456 1021 Actione
479 987 531 1021 17.
556 996 590 1019 et
615 986 667 1021 18.
692 987 833 1020 iteratur
856 986 1012 1020 Concilii‘
1030 987 1196 1028 definitio,
1222 987 1257 1020 in
1282 1002 1347 1033 qua

203 1052 392 1095 probantur
426 1059 460 1082 et
492 1049 736 1081 confirmantur
763 1049 898 1082 decreta
924 1049 1062 1094 quintae
1086 1049 1227 1095 synodi,
1263 1063 1348 1095 quae

202 1112 351 1158 synodus
376 1111 447 1143 illic
473 1110 598 1143 dicitur
622 1111 781 1143 adversus
806 1111 1030 1144 Theodorum
1055 1111 1350 1156 Mopsuesteuum,

205 1174 400 1216 Origenem,
425 1172 632 1218 Didymum,
658 1182 692 1204 et
715 1172 896 1215 Evagrium
924 1172 1026 1206 fuisse
1053 1184 1262 1216 congregata.
1313 1176 1347 1208 ln

204 1237 323 1269 eadem
355 1234 500 1268 Actione
533 1234 585 1269 18.
616 1234 760 1267 habetur
791 1235 952 1268 Edictum
990 1234 1207 1269 Constantini
1237 1236 1346 1282 impe-

202 1299 342 1339 ratoris,
367 1297 401 1330 in
427 1310 492 1342 qua
515 1296 684 1341 suscipere
709 1309 744 1328 se
769 1297 964 1336 denuntiat,
997 1311 1081 1342 quae
1108 1298 1225 1342 quinta
1247 1312 1348 1345 syno-

203 1362 266 1394 dus
289 1361 397 1393 sanxit
430 1363 586 1392 »contra
617 1358 693 1391 Dei
720 1359 1002 1403 impugnatores
1027 1358 1246 1404 Orzgenem‚
1281 1360 1348 1395 Di-

203 1422 353 1468 dymum
375 1426 413 1454 et
437 1420 677 1465 Evagrlum.«
729 1419 888 1465 Denique
914 1420 1036 1454 Leonis
1062 1421 1106 1454 II.
1138 1421 1250 1466 Papae
1276 1423 1347 1468 epi-

203 1486 327 1519 stolam
351 1484 393 1516 ad
418 1481 678 1515 Constantinum
704 1482 848 1524 exhibet,
885 1483 919 1516 in
947 1496 1012 1527 qua
1037 1492 1107 1516 rata
1132 1495 1202 1517 esse
1227 1484 1346 1530 jubens

203 1560 288 1593 quae
313 1543 563 1580 oecumenicae
588 1544 715 1588 synodi
739 1558 794 1577 sex
819 1554 1019 1585 statuerant,
1045 1545 1134 1578 inter
1157 1546 1243 1579 alios
1266 1547 1345 1580 hae-

199 1609 334 1648 reticos,
362 1620 446 1652 quos
471 1619 509 1639 ea
534 1606 687 1639 Concilia
713 1607 943 1640 Anathematis
968 1608 1202 1648 contuderant,
1227 1608 1346 1651 Orige-

200 1685 279 1706 nem
305 1668 563 1709 Adamantium,
593 1669 800 1715 Didymum,
837 1679 869 1703 et
901 1669 1084 1712 Evagrium
1115 1669 1225 1714 ponit.
1273 1671 1343 1704 Nec

202 1734 323 1766 melius
357 1732 490 1764 habitus
522 1740 572 1764 est
603 1731 767 1773 Origenes
802 1733 844 1765 ab
877 1732 1007 1765 isidoro
1037 1731 1249 1777 Hispalensi,
1285 1733 1343 1778 qui

204 1794 334 1837 Origin.
359 1795 434 1826 libr.
462 1793 562 1830 VIII,
589 1806 659 1838 cap.
676 1794 707 1828 5.
732 1793 916 1828 haereseon
941 1794 1030 1827 inter
1056 1793 1265 1828 Christianos
1289 1808 1344 1828 ex·

202 1867 352 1890 ortarum
369 1855 492 1888 seriem
510 1864 698 1900 pertexens,
724 1855 947 1898 origenianos
972 1866 1229 1896 commemorat,
1252 1856 1344 1901 ipso-

202 1932 344 1964 rumque
370 1918 567 1961 reprobatas
592 1917 772 1962 opiniones
799 1917 950 1962 exponit.
997 1918 1116 1950 Refert
1141 1931 1179 1951 ex
1204 1931 1246 1952 eo
1271 1920 1343 1964 epi-

201 1993 350 2024 gramma
375 1980 464 2012 istud
492 1979 606 2012 Guido
634 1979 826 2018 Can-melita,
851 1981 883 2011 in
911 1992 978 2023 quo
1005 1979 1145 2024 loquens
1171 1979 1343 2014 inducitur

202 2044 383 2086 Origenes:

339 2105 401 2137 llle
420 2105 451 2146 ¹)
478 2103 642 2144 Origenes
663 2116 724 2145 ego
750 2104 873 2136 doctor
898 2103 1086 2136 verissimus
1111 2104 1195 2136 olim
1246 2107 1258 2118 ²

298 2245 329 2288 ¹)
355 2243 441 2276 Edd.
467 2243 567 2276 Huetx
597 2253 629 2275 et
656 2244 693 2275 R.
727 2244 768 2275 ad
793 2242 992 2283 marginum:
1028 2243 1242 2286 »Legendum
1268 2245 1336 2277 for-

203 2300 305 2323 tasse:
336 2290 394 2322 tlle
421 2301 482 2330 ego
507 2302 579 2322 sum
606 2289 769 2330 Origenes
796 2288 937 2321 doctor«
965 2296 1026 2320 etc.
