1413 2482
213 91 257 125 96
550 91 659 124 Parni
693 92 866 125 DAMssms
891 92 1023 126 Huss'ru

214 182 330 215 odium
355 180 547 214 clarissimis
573 180 772 213 testimoniis
798 181 1000 223 declaravit;
1024 182 1058 215 in
1085 183 1172 217 libro
1199 198 1351 230 praeser-

212 245 271 278 tim
297 245 339 277 de
363 241 575 281 haeresibus,
609 241 642 274 in
668 255 736 286 quo
763 242 944 276 teterrimis
970 244 1147 279 haereticis
1173 246 1350 290 Origenia-

211 320 272 340 nos
297 314 469 344 accenset,
502 316 626 348 eosque
652 304 876 346 Augustinum
901 314 935 338 et
958 305 1186 351 Epiphanium
1210 319 1351 343 assecta-

211 379 262 402 tus
288 367 442 412 duplices
465 365 566 398 fuisse
591 365 646 399 ait.
695 366 791 399 Idem
817 366 851 399 in
875 367 1025 410 Eclogis,
1050 381 1135 413 quae
1154 382 1254 403 manu
1270 371 1351 404 scri-

209 440 287 475 ptae
312 438 441 462 exstant
466 427 500 460 in
525 427 734 462 bibliotheca
760 428 1024 462 Claromontana
1055 430 1235 464 Societatis
1257 433 1350 474 Jesu,

209 493 394 534 fragmenta
419 490 584 536 quaedam
620 491 719 523 affert
750 490 922 536 Antipatri
955 490 1158 525 Bostrorum
1184 493 1349 539 episcopi,

209 556 248 588 ἐκ
282 556 340 596 τῆς
369 553 461 587 κατὰ
491 554 564 586 τῶν
592 554 840 599 βλασφημιῶν
872 555 936 588 τοῦ
962 553 1182 601 δυσωνύμου
1203 555 1350 602 Ὠριγέ-

207 629 291 654 γους
322 618 585 662 πραγματείας.
643 614 714 658 Qui
752 615 928 659 quomodo
964 615 1067 648 fuerit
1097 615 1131 648 in
1165 616 1349 659 Origenem

207 677 390 719 animatus,
428 689 466 709 ex
497 676 563 709 hoc
590 676 689 709 titulo
715 676 927 720 intelligitur.
976 677 1030 710 De
1054 676 1153 723 hujus
1178 678 1349 724 Antipatri

205 748 312 773 aetate
339 739 398 771 diu
422 752 460 772 ac
484 739 631 772 multum
664 738 748 771 mihi
779 728 945 783 quaesita,
977 739 1013 772 id
1045 740 1158 773 solum
1188 740 1347 774 hactenus

204 801 304 847 potui
323 801 589 846 deprehendere,
613 802 785 840 Eusebio,-
803 814 905 846 quem
926 801 1094 844 suggillat,
1119 803 1346 836 recentiorem

203 864 320 905 fuisse,
343 865 476 896 Joanne
500 864 732 905 Damascene,
770 875 789 895 a
814 876 882 908 quo
908 863 1082 905 laudatur,
1112 863 1344 899 vetustiorem.

202 928 419 971 Incomperta
443 939 580 972 quoque
611 925 696 958 mihi
728 934 817 958 actas
841 926 983 958 Joannis
1008 926 1245 970 Mabropodae
1269 926 1345 966 Me-

202 988 405 1034 tropolitani
430 987 590 1021 ecclesiae
614 987 867 1028 Euchaitarum‚
893 987 951 1032 qui
976 987 1111 1032 scripsit
1125 987 1344 1021 solutionem

201 1052 234 1084 in
259 1050 531 1095 Explicationem
557 1048 715 1090 Origenis
741 1048 775 1081 in
800 1049 1013 1082 psalterium.
1051 1050 1260 1083 Recensetur
1283 1050 1343 1083 ille

200 1114 289 1146 liber
313 1113 347 1145 in
373 1113 535 1154 Catalogo
569 1111 797 1144 bibliothecae
832 1110 1231 1155 Constantinopolitanae
1263 1112 1343 1145 illu-

200 1175 353 1209 strissimi
377 1174 540 1220 principis
564 1173 813 1213 Marmoretae,
839 1173 896 1218 qui
926 1174 1092 1206 subnexus
1120 1184 1169 1207 est
1193 1174 1342 1219 Supple-

199 1248 316 1272 mento
340 1236 571 1270 bibliothecae
597 1235 822 1268 Gesnerianae
852 1235 994 1269 Antonii
1025 1235 1192 1270 Verderii.
1246 1238 1342 1270 Ano—

199 1314 339 1347 nymum
371 1312 509 1344 quoque
535 1297 690 1339 Origenis
719 1298 924 1331 scholiasten
955 1308 1201 1332 commemorat
1235 1302 1341 1332 Auto-

199 1364 274 1396 uius
297 1362 501 1395 Possevinus
524 1360 559 1393 in
582 1361 754 1404 Apparatu
779 1372 885 1400 sacro,
909 1360 1025 1392 aetatis
1048 1373 1219 1406 peraeque
1244 1361 1340 1404 igno-

197 1435 263 1461 tae.
308 1423 426 1456 Nihilo
450 1422 554 1464 magis
579 1420 747 1462 conjicere
779 1434 935 1466 possum,
968 1434 1036 1466 quo
1062 1431 1217 1467 tempore
1243 1424 1339 1457 lucu-

197 1488 292 1519 brata
322 1485 423 1518 fuerit
450 1484 708 1529 Ὡριγενισιῶν
740 1482 908 1529 ἐρώτησις
939 1481 1030 1530 πρὸς
1062 1483 1213 1529 πιστόν,
1251 1499 1337 1531 quae

197 1549 338 1594 ponitur
367 1548 400 1580 in
434 1546 605 1579 Allatiano
638 1545 817 1578 vaticanae
851 1545 1081 1579 bibliothecae
1113 1560 1223 1581 censu.
1270 1548 1337 1581 Par

195 1610 398 1643 Damasceni
423 1607 634 1641 Venerabilis
650 1607 744 1639 Beda
767 1620 912 1652 aequum
935 1608 1075 1650 Origeni
1098 1621 1133 1642 se
1157 1610 1335 1654 praebuit3

194 1686 270 1706 nam
297 1683 329 1705 et
353 1671 542 1717 praeclaras
567 1670 637 1715 ejus
670 1670 766 1702 dotes
797 1669 915 1703 extulit
945 1670 1137 1714 praeconiis
1160 1671 1193 1704 in
1219 1671 1335 1705 Colle-

196 1735 320 1768 ctaneis
347 1744 379 1767 et
402 1733 575 1773 Floribus,
601 1745 673 1776 cap.
699 1732 740 1764 de
767 1732 957 1764 luminarib.
990 1732 1128 1773 eccles,
1159 1746 1222 1766 nec
1254 1734 1333 1767 vitia

195 1806 306 1829 tamen
333 1795 564 1829 dissimulavit.
613 1793 766 1838 Iniquior
793 1794 982 1827 Anastasius
998 1795 1029 1839 ¹)
1054 1794 1331 1829 bibliothecarius

193 1858 379 1903 suppressis
404 1857 598 1890 Adamantii
628 1856 782 1889 laudibus
815 1855 884 1901 ejus
909 1865 1039 1889 tantuin
1064 1870 1195 1890 errores
1218 1870 1330 1892 amare

192 1922 282 1953 ultus
308 1930 368 1959 est,
391 1920 645 1964 Eusebiumque
670 1918 780 1963 ipsum
806 1916 901 1949 nimii
927 1930 1002 1959 erga
1025 1918 1208 1960 Origenem
1235 1933 1328 1952 amo-

192 1983 236 2015 ris
267 1982 389 2015 acriter
420 1981 581 2023 coarguit.
631 1980 776 2014 Saeculo
808 1989 988 2023 sequente,
1024 1981 1117 2025 quod
1153 1993 1170 2013 a
1204 1981 1327 2015 Christi

192 2054 270 2077 ortu
310 2057 439 2076 nonum
479 2053 694 2082 numeratur,
730 2042 845 2074 floruit
882 2042 1012 2088 Haymo
1055 2043 1325 2077 Alberstatensis.

193 2107 329 2151 Apertis
361 2105 417 2138 ille
452 2105 561 2138 verbis
589 2105 771 2146 Origencm
805 2104 943 2137 crimine
978 2113 1115 2137 conatus
1141 2115 1190 2138 est
1213 2105 1325 2140 absol-

248 2236 317 2315 241)
349 2234 421 2269 Cfr.
459 2237 604 2268 Anastas.
651 2234 683 2265 in
727 2234 853 2267 Histor.
895 2234 934 2266 ad
974 2246 1047 2266 ann.
1086 2233 1208 2267 Christi
1248 2234 1320 2269 185.

185 2290 216 2312 et
296 2282 325 2315 «1.
