1413 2482
183 89 247 124 174
517 92 630 125 Prxrat
654 92 826 126 DANOEUS
851 93 982 127 Hom-11

179 193 276 213 suum
301 193 369 213 non
387 182 557 225 apposuit,
583 181 748 214 modestia
769 182 896 215 factum
913 183 1083 225 simulans,
1107 185 1201 230 quod
1217 187 1313 220 malis

178 242 303 275 artibus
328 252 440 275 actum
466 252 554 275 erat:
606 243 751 275 »Verum
777 256 857 285 ego,
888 244 1016 290 inquit,
1050 246 1108 291 qni
1130 248 1207 292 plns
1233 262 1313 281 con-

177 304 336 337 scientiae
361 318 455 338 meae
482 318 583 349 quam
607 304 740 342 nomini
765 305 904 345 defero,
937 306 1067 340 etiamsi
1097 309 1221 343 addere
1250 311 1312 344 ali-

177 380 241 411 qua
273 367 409 408 videor,
442 376 476 400 et
507 367 642 411 explere
675 379 760 411 quae
793 367 932 408 desunt,
963 378 1022 401 aut
1049 369 1201 404 breviare
1225 385 1310 418 quae

176 429 275 470 longa
298 439 392 468 sunt,
418 429 521 462 furari
546 439 659 461 tamen
686 429 823 461 titulum
849 430 937 474 ejus,
972 430 1029 475 qui
1054 432 1310 468 fundamentum

175 490 289 535 operis
320 490 416 536 jecit,
451 501 485 524 et
511 490 728 524 construendi
760 490 905 523 aedificii
938 491 1114 526 materiam
1142 496 1310 539 praebuit,

172 562 303 585 rectum
327 566 397 586 non
421 563 518 598 puto.
556 553 611 587 Sit
634 565 710 585 sane
737 552 770 584 in
795 552 936 585 arbitrio
954 553 1104 596 legentis,
1130 568 1205 589 cum
1225 570 1310 602 opus

172 616 379 659 probaverit,
405 616 517 661 operis
544 615 703 648 meritum
729 614 783 647 cui
808 614 890 648 velit
914 615 1137 651 adscribere.«
1175 618 1311 652 Deinde

172 676 205 709 in
230 677 452 710 Peroratione
485 678 587 710 verba
617 677 697 710 haec
731 677 852 710 dolose
882 677 1024 724 adjecit:
1063 679 1189 726 »Aiunt
1219 681 1308 714 enim

171 739 271 772 mihi:
308 740 345 772 ln
369 740 438 781 his,
473 753 557 785 quae
588 739 724 780 scribis,
755 730 916 785 Quoniam
941 739 1090 784 plurima
1122 741 1155 774 in
1186 741 1226 775 iis
1258 743 1308 776 tui

170 803 283 847 operis
308 802 484 841 habentur,
509 803 552 835 da
575 802 712 835 titulum
736 801 883 834 nominis
901 802 959 842 tui,
984 811 1017 834 et
1033 803 1158 837 scribe:
1184 805 1309 838 Hiero·

168 864 279 911 nymi,
305 864 399 897 verbi
423 864 538 907 gratia,
562 864 596 898 in
621 864 801 910 epistolam
826 864 868 896 ad
892 854 1064 898 Romanos
1087 865 1307 911 Explanatio-

167 940 247 959 num
274 927 380 960 libri.«
420 927 507 960 Hinc
526 927 634 960 delusi
657 928 753 960 bardi
771 926 924 959 homines
938 926 1139 973 Hieronymi
1168 928 1306 962 nomine

166 989 292 1022 librum
322 988 622 1034 praescripserunt.
670 991 715 1022 At
749 989 802 1022 vel
836 1002 875 1021 ex
910 1001 951 1020 eo
984 989 1151 1022 stoliditas
1185 1003 1305 1024 eorum

165 1051 327 1093 arguitur.
374 1052 458 1084 Nam
483 1052 510 1083 si
534 1051 699 1095 interpres
725 1051 840 1083 suisset
855 1050 1095 1096 Hieronymus,
1120 1065 1180 1084 cur
1203 1065 1302 1086 voces

164 1114 256 1146 illas:
292 1113 412 1144 »verbi
436 1113 586 1154 gratiam
613 1113 815 1152 addidisset,
841 1125 927 1157 quae
952 1112 1123 1146 declarant
1146 1113 1302 1148 fictitium

164 1189 235 1208 esse
257 1185 290 1208 et
314 1174 519 1208 adscititium
545 1175 580 1208 id
605 1188 741 1215 nomen,
766 1187 834 1207 non
861 1173 1075 1216 legitimum?
1120 1175 1302 1220 Subiungit

161 1239 266 1282 paulo
298 1247 378 1283 post
407 1250 650 1270 conversurum
682 1250 753 1270 sese
781 1235 967 1269 Clementis
998 1235 1122 1269 libros:
1164 1238 1259 1283 quod
1282 1251 1300 1272 a

162 1300 288 1332 Rufino
321 1300 450 1332 factum
481 1313 551 1332 esse
585 1308 732 1339 constat,
767 1311 838 1331 non
869 1299 910 1330 ab
936 1297 1160 1344 Hieronymo.
1208 1299 1299 1333 Tum

160 1361 222 1395 ait:
274 1361 509 1395 »Satisfaciam
542 1375 620 1394 sane
653 1361 687 1394 in
724 1374 764 1394 eo
795 1360 910 1393 amicis
941 1360 1040 1401 mcis;
1077 1361 1163 1393 dabo
1196 1361 1297 1395 titulo

158 1438 283 1457 nomen
308 1438 433 1463 meum,
457 1423 605 1456 auctoris
630 1422 850 1455 nihilominus
870 1422 1036 1454 vocabulo
1059 1433 1296 1466 permanente:

157 1501 234 1520 nant
261 1486 461 1533 Hieronymi
495 1500 537 1518 ne
562 1495 718 1531 putetur,
751 1484 909 1516 Clemens
934 1482 1144 1516 scribetur2«
1172 1484 1297 1518 Hiero-

157 1550 248 1594 nymi
273 1562 414 1593 nempe,
447 1547 539 1594 cujus
571 1560 697 1580 nomen
722 1545 929 1590 adscriptum
955 1558 1055 1590 supra
1079 1545 1186 1580 finxit.
1231 1547 1296 1580 Ea-

156 1611 234 1642 dem
259 1611 403 1643 versutia
427 1623 524 1643 usum
550 1623 621 1643 esse
652 1623 722 1642 non
753 1608 859 1641 semel
884 1607 1064 1648 Rufinum,
1098 1607 1164 1653 jam
1188 1622 1291 1654 snpra

155 1685 245 1705 num.
271 1674 312 1707 V.
350 1673 549 1705 notavimus.
581 1685 587 1689 ·
606 1672 643 1704 ln
674 1671 825 1713 Prologo
857 1669 1087 1703 Homiliarum
1124 1671 1158 1702 in
1187 1671 1294 1704 Josue

154 1735 336 1768 sententias
367 1734 569 1780 Hieronymi
604 1745 636 1766 et
670 1734 783 1766 stilum
816 1734 943 1765 referre
975 1740 1113 1764 conatus
1146 1741 1206 1767 est.
1252 1734 1292 1766 In

155 1797 369 1830 praefatione
403 1798 443 1829 ad
471 1797 575 1829 libros
607 1800 689 1840 περὶ
717 1795 844 1840 ἀρχῶν
875 1807 1001 1827 nomen
1024 1807 1122 1826 suum
1156 1794 1289 1829 celavit.

154 1862 203 1893 lta
244 1859 448 1892 occultando
490 1858 724 1900 Origenismo,
763 1867 795 1890 et
834 1856 1041 1889 traducendo
1075 1855 1288 1903 Hieronymo

153 1923 269 1954 sucum
295 1921 396 1962 vulgo
421 1920 575 1953 faciebat.
623 1919 767 1953 Minime
800 1919 913 1963 itaque
945 1917 1110 1950 assentior
1133 1918 1288 1960 Erasmo,

151 1982 323 2026 mangonii
347 1982 444 2028 hujus
469 1982 626 2016 librarios
657 1980 881 2021 insimulanti,
915 1989 948 2012 et
972 1979 1014 2012 ad
1039 1989 1186 2012 emtores
1210 1980 1286 2014 alli-

151 2046 288 2079 ciendos
323 2054 532 2090 praetextum
570 2045 610 2076 ab
648 2044 686 2076 iis
723 2041 924 2088 Hieronymi
964 2054 1090 2074 nomen
1128 2043 1285 2076 censenti.

149 2109 288 2141 Praeter
311 2115 517 2140 contractam
553 2106 647 2139 illam
680 2115 713 2138 et
736 2114 923 2137 truncatam
949 2103 1064 2136 Rufini
1088 2103 1286 2149 interpreta-

148 2171 275 2203 tionem
301 2170 460 2202 habemus
477 2169 580 2202 Tomi
606 2168 708 2213 primi
732 2167 926 2212 portionem
952 2165 984 2197 in
999 2165 1168 2210 Apologia
1184 2166 1284 2199 Pam-

147 2233 250 2277 phili;
276 2233 374 2274 longe
401 2244 479 2263 vero
504 2230 706 2275 ampliorem
733 2229 841 2274 capite
862 2227 1068 2260 philocaliae
1081 2227 1134 2263 24.
1175 2227 1280 2261 Aliud

147 2307 283 2339 quoque
320 2308 338 2326 e
371 2294 485 2326 Tomo
520 2306 612 2325 nono
648 2292 873 2334 fragmentum
909 2290 1007 2324 nobis
1042 2290 1145 2323 offert
1180 2298 1278 2334 caput
