<?xml version="1.0" encoding="UTF-8"?>
<!DOCTYPE html PUBLIC "-//W3C//DTD XHTML 1.0 Transitional//EN"
    "http://www.w3.org/TR/xhtml1/DTD/xhtml1-transitional.dtd">
<html xmlns="http://www.w3.org/1999/xhtml" xml:lang="en" lang="en">
 <head>
  <title>
</title>
<meta http-equiv="Content-Type" content="text/html;charset=utf-8" />
  <meta name='ocr-system' content='tesseract 3.04.00' />
  <meta name='ocr-capabilities' content='ocr_page ocr_carea ocr_par ocr_line ocrx_word'/>
</head>
<body>
  <div class='ocr_page' id='page_1' title='image "./operaomniaquaegr24orig_0153.png"; bbox 0 0 1422 2472; ppageno 0'>
   <div class='ocr_carea' id='block_1_1' title="bbox 345 89 1185 127">
    <p class='ocr_par' dir='ltr' id='par_1_1' title="bbox 345 89 1185 127">
     <span class='ocr_line' id='line_1_1' title="bbox 345 89 1185 127; baseline 0 -1"><span class='ocrx_word' id='word_1_1' title='bbox 345 92 660 127; x_wconf 62' lang='lat' dir='ltr'>Onmemauonum</span> <span class='ocrx_word' id='word_1_2' title='bbox 685 91 797 126; x_wconf 64' lang='lat' dir='ltr'>Lmen</span> <span class='ocrx_word' id='word_1_3' title='bbox 812 90 874 125; x_wconf 87' lang='lat'>111.</span> <span class='ocrx_word' id='word_1_4' title='bbox 1122 89 1185 126; x_wconf 78' lang='lat'>141</span> 
     </span>
    </p>
   </div>
   <div class='ocr_carea' id='block_1_2' title="bbox 50 181 1194 2226">
    <p class='ocr_par' dir='ltr' id='par_1_2' title="bbox 50 181 1194 2226">
     <span class='ocr_line' id='line_1_2' title="bbox 51 181 1188 230; baseline -0.004 -13"><span class='ocrx_word' id='word_1_5' title='bbox 51 183 174 229; x_wconf 80' lang='lat' dir='ltr'>ipsum,</span> <span class='ocrx_word' id='word_1_6' title='bbox 200 182 245 215; x_wconf 84' lang='lat' dir='ltr'>ait</span> <span class='ocrx_word' id='word_1_7' title='bbox 270 182 500 230; x_wconf 73' lang='lat' dir='ltr'>Hieronymus</span> <span class='ocrx_word' id='word_1_8' title='bbox 526 182 661 228; x_wconf 78' lang='lat' dir='ltr'>epistol.</span> <span class='ocrx_word' id='word_1_9' title='bbox 678 182 731 217; x_wconf 82' lang='lat'>52.</span> <span class='ocrx_word' id='word_1_10' title='bbox 751 183 792 216; x_wconf 89' lang='lat' dir='ltr'>ad</span> <span class='ocrx_word' id='word_1_11' title='bbox 805 181 996 215; x_wconf 87' lang='lat' dir='ltr'>Pammach.</span> <span class='ocrx_word' id='word_1_12' title='bbox 1045 181 1083 213; x_wconf 86' lang='lat' dir='ltr'>Id</span> <span class='ocrx_word' id='word_1_13' title='bbox 1108 193 1188 214; x_wconf 90' lang='lat' dir='ltr'>con-</span> 
     </span>
     <span class='ocr_line' id='line_1_3' title="bbox 51 243 1188 290; baseline -0.003 -11"><span class='ocrx_word' id='word_1_14' title='bbox 51 245 204 279; x_wconf 80' lang='lat' dir='ltr'>firmatur</span> <span class='ocrx_word' id='word_1_15' title='bbox 228 257 265 278; x_wconf 84' lang='lat' dir='ltr'>ex</span> <span class='ocrx_word' id='word_1_16' title='bbox 290 245 396 290; x_wconf 88' lang='lat' dir='ltr'>ipsius</span> <span class='ocrx_word' id='word_1_17' title='bbox 422 245 578 288; x_wconf 84' lang='lat' dir='ltr'>Origenis</span> <span class='ocrx_word' id='word_1_18' title='bbox 604 244 757 278; x_wconf 81' lang='lat' dir='ltr'>Homilia</span> <span class='ocrx_word' id='word_1_19' title='bbox 783 244 835 278; x_wconf 83' lang='lat'>17.</span> <span class='ocrx_word' id='word_1_20' title='bbox 868 243 903 276; x_wconf 83' lang='lat' dir='ltr'>in</span> <span class='ocrx_word' id='word_1_21' title='bbox 926 244 1025 285; x_wconf 86' lang='lat' dir='ltr'>Luc.,</span> <span class='ocrx_word' id='word_1_22' title='bbox 1056 244 1092 277; x_wconf 84' lang='lat' dir='ltr'>in</span> <span class='ocrx_word' id='word_1_23' title='bbox 1123 256 1188 289; x_wconf 85' lang='lat' dir='ltr'>qua</span> 
     </span>
     <span class='ocr_line' id='line_1_4' title="bbox 51 305 1186 353; baseline -0.003 -12"><span class='ocrx_word' id='word_1_24' title='bbox 51 320 86 341; x_wconf 82' lang='lat' dir='ltr'>se</span> <span class='ocrx_word' id='word_1_25' title='bbox 125 307 318 341; x_wconf 78' lang='lat' dir='ltr'>disseruisse</span> <span class='ocrx_word' id='word_1_26' title='bbox 357 307 403 340; x_wconf 88' lang='lat' dir='ltr'>ait</span> <span class='ocrx_word' id='word_1_27' title='bbox 437 308 471 341; x_wconf 88' lang='lat' dir='ltr'>iu</span> <span class='ocrx_word' id='word_1_28' title='bbox 508 307 606 353; x_wconf 83' lang='lat' dir='ltr'>hujus</span> <span class='ocrx_word' id='word_1_29' title='bbox 644 306 807 352; x_wconf 86' lang='lat' dir='ltr'>epistolae</span> <span class='ocrx_word' id='word_1_30' title='bbox 845 316 946 351; x_wconf 88' lang='lat' dir='ltr'>caput</span> <span class='ocrx_word' id='word_1_31' title='bbox 977 306 1008 340; x_wconf 87' lang='lat'>1.</span> <span class='ocrx_word' id='word_1_32' title='bbox 1039 318 1124 340; x_wconf 77' lang='lat' dir='ltr'>vers.</span> <span class='ocrx_word' id='word_1_33' title='bbox 1155 305 1186 340; x_wconf 82' lang='lat'>2.</span> 
     </span>
     <span class='ocr_line' id='line_1_5' title="bbox 50 367 1189 415; baseline -0.002 -13"><span class='ocrx_word' id='word_1_34' title='bbox 50 369 243 415; x_wconf 86' lang='lat' dir='ltr'>Epistolam</span> <span class='ocrx_word' id='word_1_35' title='bbox 268 382 405 415; x_wconf 89' lang='lat' dir='ltr'>quoque</span> <span class='ocrx_word' id='word_1_36' title='bbox 430 371 472 402; x_wconf 89' lang='lat' dir='ltr'>ad</span> <span class='ocrx_word' id='word_1_37' title='bbox 496 369 631 403; x_wconf 80' lang='lat' dir='ltr'><strong>Galatas</strong></span> <span class='ocrx_word' id='word_1_38' title='bbox 657 368 933 409; x_wconf 75' lang='lat' dir='ltr'>Commentariis,</span> <span class='ocrx_word' id='word_1_39' title='bbox 958 367 1130 409; x_wconf 84' lang='lat' dir='ltr'>Homiliis,</span> <span class='ocrx_word' id='word_1_40' title='bbox 1155 376 1189 400; x_wconf 87' lang='lat' dir='ltr'>et</span> 
     </span>
     <span class='ocr_line' id='line_1_6' title="bbox 51 430 1188 479; baseline -0.003 -13"><span class='ocrx_word' id='word_1_41' title='bbox 51 432 198 466; x_wconf 88' lang='lat' dir='ltr'>Scholiis</span> <span class='ocrx_word' id='word_1_42' title='bbox 225 432 414 478; x_wconf 81' lang='lat' dir='ltr'>explicavit.</span> <span class='ocrx_word' id='word_1_43' title='bbox 451 431 561 465; x_wconf 85' lang='lat' dir='ltr'>Testis</span> <span class='ocrx_word' id='word_1_44' title='bbox 577 432 806 479; x_wconf 75' lang='lat' dir='ltr'>Hieronymus</span> <span class='ocrx_word' id='word_1_45' title='bbox 830 432 865 465; x_wconf 90' lang='lat' dir='ltr'>in</span> <span class='ocrx_word' id='word_1_46' title='bbox 879 431 1065 464; x_wconf 90' lang='lat' dir='ltr'>Prooemio</span> <span class='ocrx_word' id='word_1_47' title='bbox 1084 430 1188 464; x_wconf 88' lang='lat' dir='ltr'>Com-</span> 
     </span>
     <span class='ocr_line' id='line_1_7' title="bbox 51 493 1187 541; baseline -0.002 -13"><span class='ocrx_word' id='word_1_48' title='bbox 51 505 192 529; x_wconf 82' lang='lat' dir='ltr'>mentar.</span> <span class='ocrx_word' id='word_1_49' title='bbox 215 495 250 528; x_wconf 92' lang='lat' dir='ltr'>in</span> <span class='ocrx_word' id='word_1_50' title='bbox 275 495 372 541; x_wconf 85' lang='lat' dir='ltr'>epist.</span> <span class='ocrx_word' id='word_1_51' title='bbox 397 495 440 528; x_wconf 88' lang='lat' dir='ltr'>ad</span> <span class='ocrx_word' id='word_1_52' title='bbox 459 495 611 529; x_wconf 76' lang='lat' dir='ltr'>Galatas:</span> <span class='ocrx_word' id='word_1_53' title='bbox 639 494 804 540; x_wconf 86' lang='lat' dir='ltr'>»Scripsit</span> <span class='ocrx_word' id='word_1_54' title='bbox 828 495 887 527; x_wconf 86' lang='lat' dir='ltr'>ille</span> <span class='ocrx_word' id='word_1_55' title='bbox 911 494 963 527; x_wconf 77' lang='lat' dir='ltr'>vir</span> <span class='ocrx_word' id='word_1_56' title='bbox 989 493 1187 539; x_wconf 83' lang='lat' dir='ltr'>(Origenes)</span> 
     </span>
     <span class='ocr_line' id='line_1_8' title="bbox 52 556 1190 604; baseline -0.003 -13"><span class='ocrx_word' id='word_1_57' title='bbox 52 558 86 591; x_wconf 89' lang='lat' dir='ltr'>in</span> <span class='ocrx_word' id='word_1_58' title='bbox 112 558 292 604; x_wconf 88' lang='lat' dir='ltr'>epistolam</span> <span class='ocrx_word' id='word_1_59' title='bbox 318 557 416 591; x_wconf 90' lang='lat' dir='ltr'>Pauli</span> <span class='ocrx_word' id='word_1_60' title='bbox 440 557 482 590; x_wconf 86' lang='lat' dir='ltr'>ad</span> <span class='ocrx_word' id='word_1_61' title='bbox 507 557 642 590; x_wconf 79' lang='lat' dir='ltr'>Galatas</span> <span class='ocrx_word' id='word_1_62' title='bbox 668 557 816 602; x_wconf 88' lang='lat' dir='ltr'>quinque</span> <span class='ocrx_word' id='word_1_63' title='bbox 839 557 980 602; x_wconf 88' lang='lat' dir='ltr'>propria</span> <span class='ocrx_word' id='word_1_64' title='bbox 1005 556 1190 596; x_wconf 86' lang='lat' dir='ltr'>volumina,</span> 
     </span>
     <span class='ocr_line' id='line_1_9' title="bbox 52 618 1190 664; baseline -0.003 -10"><span class='ocrx_word' id='word_1_65' title='bbox 52 631 86 654; x_wconf 84' lang='lat' dir='ltr'>et</span> <span class='ocrx_word' id='word_1_66' title='bbox 110 621 278 654; x_wconf 88' lang='lat' dir='ltr'>decimum</span> <span class='ocrx_word' id='word_1_67' title='bbox 306 621 516 654; x_wconf 83' lang='lat' dir='ltr'>Stromatum</span> <span class='ocrx_word' id='word_1_68' title='bbox 541 633 679 653; x_wconf 88' lang='lat' dir='ltr'>suorum</span> <span class='ocrx_word' id='word_1_69' title='bbox 704 618 832 654; x_wconf 87' lang='lat' dir='ltr'>librum</span> <span class='ocrx_word' id='word_1_70' title='bbox 857 619 1062 652; x_wconf 79' lang='lat' dir='ltr'>commatico</span> <span class='ocrx_word' id='word_1_71' title='bbox 1087 632 1190 664; x_wconf 87' lang='lat' dir='ltr'>super</span> 
     </span>
     <span class='ocr_line' id='line_1_10' title="bbox 54 681 1188 729; baseline -0.003 -12"><span class='ocrx_word' id='word_1_72' title='bbox 54 683 287 729; x_wconf 76' lang='lat' dir='ltr'>explanatione</span> <span class='ocrx_word' id='word_1_73' title='bbox 313 683 383 729; x_wconf 85' lang='lat' dir='ltr'>ejus</span> <span class='ocrx_word' id='word_1_74' title='bbox 414 696 570 717; x_wconf 80' lang='lat' dir='ltr'>sermone</span> <span class='ocrx_word' id='word_1_75' title='bbox 596 681 800 727; x_wconf 79' lang='lat' dir='ltr'>complevit3</span> <span class='ocrx_word' id='word_1_76' title='bbox 841 682 1017 716; x_wconf 83' lang='lat' dir='ltr'>Tractatus</span> <span class='ocrx_word' id='word_1_77' title='bbox 1050 695 1188 728; x_wconf 83' lang='lat' dir='ltr'>quoque</span> 
     </span>
     <span class='ocr_line' id='line_1_11' title="bbox 52 744 1190 792; baseline -0.001 -12"><span class='ocrx_word' id='word_1_78' title='bbox 52 748 174 788; x_wconf 78' lang='lat' dir='ltr'>varios,</span> <span class='ocrx_word' id='word_1_79' title='bbox 198 756 232 780; x_wconf 89' lang='lat' dir='ltr'>et</span> <span class='ocrx_word' id='word_1_80' title='bbox 254 746 432 792; x_wconf 86' lang='lat' dir='ltr'>Excerpta,</span> <span class='ocrx_word' id='word_1_81' title='bbox 457 759 541 792; x_wconf 87' lang='lat' dir='ltr'>quae</span> <span class='ocrx_word' id='word_1_82' title='bbox 565 745 621 779; x_wconf 81' lang='lat' dir='ltr'>vel</span> <span class='ocrx_word' id='word_1_83' title='bbox 644 746 717 778; x_wconf 87' lang='lat' dir='ltr'>sola</span> <span class='ocrx_word' id='word_1_84' title='bbox 741 744 873 790; x_wconf 83' lang='lat' dir='ltr'>possint</span> <span class='ocrx_word' id='word_1_85' title='bbox 896 746 1071 786; x_wconf 74' lang='lat' dir='ltr'>sufficere,</span> <span class='ocrx_word' id='word_1_86' title='bbox 1097 758 1190 779; x_wconf 88' lang='lat' dir='ltr'>com-</span> 
     </span>
     <span class='ocr_line' id='line_1_12' title="bbox 51 807 1189 855; baseline -0.002 -12"><span class='ocrx_word' id='word_1_87' title='bbox 51 809 197 855; x_wconf 84' lang='lat' dir='ltr'>posuit.«</span> <span class='ocrx_word' id='word_1_88' title='bbox 246 809 340 842; x_wconf 88' lang='lat' dir='ltr'>Haec</span> <span class='ocrx_word' id='word_1_89' title='bbox 365 809 467 842; x_wconf 86' lang='lat' dir='ltr'>verba</span> <span class='ocrx_word' id='word_1_90' title='bbox 490 808 616 853; x_wconf 87' lang='lat' dir='ltr'>repetit</span> <span class='ocrx_word' id='word_1_91' title='bbox 639 808 782 841; x_wconf 83' lang='lat' dir='ltr'>subinde</span> <span class='ocrx_word' id='word_1_92' title='bbox 807 808 939 854; x_wconf 80' lang='lat' dir='ltr'>epistol.</span> <span class='ocrx_word' id='word_1_93' title='bbox 964 807 1018 844; x_wconf 82' lang='grc'>89.</span> <span class='ocrx_word' id='word_1_94' title='bbox 1051 808 1093 841; x_wconf 86' lang='lat' dir='ltr'>ad</span> <span class='ocrx_word' id='word_1_95' title='bbox 1117 810 1189 842; x_wconf 84' lang='lat' dir='ltr'>Au-</span> 
     </span>
     <span class='ocr_line' id='line_1_13' title="bbox 52 871 1190 918; baseline -0.002 -12"><span class='ocrx_word' id='word_1_96' title='bbox 52 871 232 916; x_wconf 86' lang='lat' dir='ltr'>gustinum.</span> <span class='ocrx_word' id='word_1_97' title='bbox 281 871 371 905; x_wconf 86' lang='lat' dir='ltr'>Tum</span> <span class='ocrx_word' id='word_1_98' title='bbox 395 871 565 918; x_wconf 83' lang='lat' dir='ltr'>subjungit</span> <span class='ocrx_word' id='word_1_99' title='bbox 586 872 691 916; x_wconf 88' lang='lat' dir='ltr'>paulo</span> <span class='ocrx_word' id='word_1_100' title='bbox 717 880 812 916; x_wconf 87' lang='lat' dir='ltr'>post:</span> <span class='ocrx_word' id='word_1_101' title='bbox 851 871 973 905; x_wconf 83' lang='lat' dir='ltr'>»Hanc</span> <span class='ocrx_word' id='word_1_102' title='bbox 997 880 1110 905; x_wconf 88' lang='lat' dir='ltr'>autem</span> <span class='ocrx_word' id='word_1_103' title='bbox 1135 884 1190 904; x_wconf 80' lang='lat' dir='ltr'>ex-</span> 
     </span>
     <span class='ocr_line' id='line_1_14' title="bbox 52 933 1189 982; baseline 0 -14"><span class='ocrx_word' id='word_1_104' title='bbox 52 935 303 982; x_wconf 85' lang='lat' dir='ltr'>planationem,</span> <span class='ocrx_word' id='word_1_105' title='bbox 334 947 434 980; x_wconf 86' lang='lat' dir='ltr'>quam</span> <span class='ocrx_word' id='word_1_106' title='bbox 465 933 594 979; x_wconf 87' lang='lat' dir='ltr'>primus</span> <span class='ocrx_word' id='word_1_107' title='bbox 620 933 784 977; x_wconf 77' lang='lat' dir='ltr'>Origenes</span> <span class='ocrx_word' id='word_1_108' title='bbox 815 933 849 968; x_wconf 85' lang='lat' dir='ltr'>in</span> <span class='ocrx_word' id='word_1_109' title='bbox 875 935 1009 969; x_wconf 89' lang='lat' dir='ltr'>decimo</span> <span class='ocrx_word' id='word_1_110' title='bbox 1036 936 1189 969; x_wconf 84' lang='lat' dir='ltr'>Strorna·</span> 
     </span>
     <span class='ocr_line' id='line_1_15' title="bbox 51 996 1188 1043; baseline -0.001 -11"><span class='ocrx_word' id='word_1_111' title='bbox 51 1007 133 1032; x_wconf 84' lang='lat' dir='ltr'>teon</span> <span class='ocrx_word' id='word_1_112' title='bbox 157 997 264 1039; x_wconf 88' lang='lat' dir='ltr'>libro,</span> <span class='ocrx_word' id='word_1_113' title='bbox 294 996 354 1030; x_wconf 89' lang='lat' dir='ltr'>ubi</span> <span class='ocrx_word' id='word_1_114' title='bbox 379 996 558 1041; x_wconf 87' lang='lat' dir='ltr'>epistolam</span> <span class='ocrx_word' id='word_1_115' title='bbox 582 996 681 1029; x_wconf 83' lang='lat' dir='ltr'>Pauli</span> <span class='ocrx_word' id='word_1_116' title='bbox 711 997 754 1030; x_wconf 86' lang='lat' dir='ltr'>ad</span> <span class='ocrx_word' id='word_1_117' title='bbox 779 997 913 1031; x_wconf 76' lang='lat' dir='ltr'>Galatas</span> <span class='ocrx_word' id='word_1_118' title='bbox 936 997 1188 1043; x_wconf 85' lang='lat' dir='ltr'>interpretatur,</span> 
     </span>
     <span class='ocr_line' id='line_1_16' title="bbox 54 1058 1189 1103; baseline -0.001 -9"><span class='ocrx_word' id='word_1_119' title='bbox 54 1070 88 1094; x_wconf 89' lang='lat' dir='ltr'>et</span> <span class='ocrx_word' id='word_1_120' title='bbox 119 1060 223 1094; x_wconf 87' lang='lat' dir='ltr'>ceteri</span> <span class='ocrx_word' id='word_1_121' title='bbox 253 1058 412 1103; x_wconf 86' lang='lat' dir='ltr'>deinceps</span> <span class='ocrx_word' id='word_1_122' title='bbox 442 1058 642 1103; x_wconf 77' lang='lat' dir='ltr'>interpretes</span> <span class='ocrx_word' id='word_1_123' title='bbox 674 1069 751 1092; x_wconf 91' lang='lat' dir='ltr'>sunt</span> <span class='ocrx_word' id='word_1_124' title='bbox 783 1060 935 1101; x_wconf 85' lang='lat' dir='ltr'>secuti,«</span> <span class='ocrx_word' id='word_1_125' title='bbox 962 1070 1027 1093; x_wconf 89' lang='lat' dir='ltr'>etc.</span> <span class='ocrx_word' id='word_1_126' title='bbox 1065 1061 1189 1093; x_wconf 66' lang='lat' dir='ltr'>OEocet</span> 
     </span>
     <span class='ocr_line' id='line_1_17' title="bbox 54 1119 1188 1167; baseline -0.002 -11"><span class='ocrx_word' id='word_1_127' title='bbox 54 1135 116 1156; x_wconf 90' lang='lat' dir='ltr'>nos</span> <span class='ocrx_word' id='word_1_128' title='bbox 145 1122 246 1156; x_wconf 88' lang='lat' dir='ltr'>etiam</span> <span class='ocrx_word' id='word_1_129' title='bbox 270 1120 516 1166; x_wconf 53' lang='lat' dir='ltr'>Hieronymus,</span> <span class='ocrx_word' id='word_1_130' title='bbox 546 1119 653 1153; x_wconf 81' lang='lat' dir='ltr'>tribus</span> <span class='ocrx_word' id='word_1_131' title='bbox 678 1121 907 1155; x_wconf 84' lang='lat' dir='ltr'>voluminibus</span> <span class='ocrx_word' id='word_1_132' title='bbox 934 1122 1114 1167; x_wconf 83' lang='lat' dir='ltr'>epistolam</span> <span class='ocrx_word' id='word_1_133' title='bbox 1146 1123 1188 1155; x_wconf 87' lang='lat' dir='ltr'>ad</span> 
     </span>
     <span class='ocr_line' id='line_1_18' title="bbox 54 1182 1192 1230; baseline -0.002 -12"><span class='ocrx_word' id='word_1_134' title='bbox 54 1184 221 1230; x_wconf 86' lang='lat' dir='ltr'>Ephesios</span> <span class='ocrx_word' id='word_1_135' title='bbox 246 1183 391 1217; x_wconf 87' lang='lat' dir='ltr'>eundem</span> <span class='ocrx_word' id='word_1_136' title='bbox 414 1182 609 1222; x_wconf 86' lang='lat' dir='ltr'>illustrasse,</span> <span class='ocrx_word' id='word_1_137' title='bbox 628 1182 807 1229; x_wconf 80' lang='lat' dir='ltr'>ipsumque</span> <span class='ocrx_word' id='word_1_138' title='bbox 832 1197 867 1217; x_wconf 90' lang='lat' dir='ltr'>se</span> <span class='ocrx_word' id='word_1_139' title='bbox 891 1184 994 1217; x_wconf 84' lang='lat' dir='ltr'>fuisse</span> <span class='ocrx_word' id='word_1_140' title='bbox 1019 1194 1192 1227; x_wconf 81' lang='lat' dir='ltr'>secutum;</span> 
     </span>
     <span class='ocr_line' id='line_1_19' title="bbox 55 1245 1188 1293; baseline 0 -13"><span class='ocrx_word' id='word_1_141' title='bbox 55 1248 150 1293; x_wconf 88' lang='lat' dir='ltr'>quod</span> <span class='ocrx_word' id='word_1_142' title='bbox 179 1247 280 1280; x_wconf 84' lang='lat' dir='ltr'>iterat</span> <span class='ocrx_word' id='word_1_143' title='bbox 310 1245 385 1278; x_wconf 82' lang='lat' dir='ltr'>libr.</span> <span class='ocrx_word' id='word_1_144' title='bbox 406 1245 436 1280; x_wconf 89' lang='lat'>1.</span> <span class='ocrx_word' id='word_1_145' title='bbox 461 1245 609 1289; x_wconf 83' lang='lat' dir='ltr'>Apolog.</span> <span class='ocrx_word' id='word_1_146' title='bbox 641 1245 769 1280; x_wconf 82' lang='lat' dir='ltr'>advers.</span> <span class='ocrx_word' id='word_1_147' title='bbox 804 1247 915 1280; x_wconf 79' lang='lat' dir='ltr'>Rufin.</span> <span class='ocrx_word' id='word_1_148' title='bbox 942 1260 1013 1292; x_wconf 88' lang='lat' dir='ltr'>cap.</span> <span class='ocrx_word' id='word_1_149' title='bbox 1039 1248 1071 1284; x_wconf 84' lang='grc'>4,</span> <span class='ocrx_word' id='word_1_150' title='bbox 1100 1257 1134 1280; x_wconf 88' lang='lat' dir='ltr'>et</span> <span class='ocrx_word' id='word_1_151' title='bbox 1157 1247 1188 1281; x_wconf 90' lang='lat'>5.</span> 
     </span>
     <span class='ocr_line' id='line_1_20' title="bbox 54 1306 1190 1353; baseline 0 -11"><span class='ocrx_word' id='word_1_152' title='bbox 54 1309 290 1352; x_wconf 83' lang='lat' dir='ltr'>Fragmentum</span> <span class='ocrx_word' id='word_1_153' title='bbox 325 1320 344 1340; x_wconf 90' lang='lat' dir='ltr'>e</span> <span class='ocrx_word' id='word_1_154' title='bbox 370 1307 460 1339; x_wconf 91' lang='lat' dir='ltr'>libro</span> <span class='ocrx_word' id='word_1_155' title='bbox 491 1307 595 1340; x_wconf 86' lang='lat' dir='ltr'>tertio</span> <span class='ocrx_word' id='word_1_156' title='bbox 626 1306 661 1339; x_wconf 86' lang='lat' dir='ltr'>iu</span> <span class='ocrx_word' id='word_1_157' title='bbox 694 1307 872 1353; x_wconf 85' lang='lat' dir='ltr'>epistolam</span> <span class='ocrx_word' id='word_1_158' title='bbox 904 1310 947 1342; x_wconf 90' lang='lat' dir='ltr'>ad</span> <span class='ocrx_word' id='word_1_159' title='bbox 972 1310 1190 1343; x_wconf 87' lang='lat' dir='ltr'>Colossenses</span> 
     </span>
     <span class='ocr_line' id='line_1_21' title="bbox 55 1368 1188 1416; baseline 0.001 -12"><span class='ocrx_word' id='word_1_160' title='bbox 55 1372 192 1404; x_wconf 81' lang='lat' dir='ltr'>adducit</span> <span class='ocrx_word' id='word_1_161' title='bbox 214 1369 413 1414; x_wconf 87' lang='lat' dir='ltr'>Pamphilus</span> <span class='ocrx_word' id='word_1_162' title='bbox 444 1368 480 1402; x_wconf 89' lang='lat' dir='ltr'>in</span> <span class='ocrx_word' id='word_1_163' title='bbox 506 1368 686 1414; x_wconf 86' lang='lat' dir='ltr'>Apologia.</span> <span class='ocrx_word' id='word_1_164' title='bbox 735 1371 772 1403; x_wconf 91' lang='lat' dir='ltr'>In</span> <span class='ocrx_word' id='word_1_165' title='bbox 797 1372 948 1416; x_wconf 87' lang='lat' dir='ltr'>priorem</span> <span class='ocrx_word' id='word_1_166' title='bbox 981 1373 1023 1405; x_wconf 89' lang='lat' dir='ltr'>ad</span> <span class='ocrx_word' id='word_1_167' title='bbox 1048 1372 1188 1405; x_wconf 89' lang='lat' dir='ltr'>Thessa-</span> 
     </span>
     <span class='ocr_line' id='line_1_22' title="bbox 55 1431 1190 1478; baseline 0 -11"><span class='ocrx_word' id='word_1_168' title='bbox 55 1434 243 1468; x_wconf 91' lang='lat' dir='ltr'>lonicenses</span> <span class='ocrx_word' id='word_1_169' title='bbox 274 1431 454 1478; x_wconf 89' lang='lat' dir='ltr'>epistolam</span> <span class='ocrx_word' id='word_1_170' title='bbox 484 1431 674 1477; x_wconf 75' lang='grc' dir='ltr'><em>ἕξηγηϊικά</em></span> <span class='ocrx_word' id='word_1_171' title='bbox 708 1432 851 1467; x_wconf 86' lang='lat' dir='ltr'>edidisse</span> <span class='ocrx_word' id='word_1_172' title='bbox 878 1435 1058 1478; x_wconf 88' lang='lat' dir='ltr'>Origenem</span> <span class='ocrx_word' id='word_1_173' title='bbox 1091 1435 1190 1468; x_wconf 86' lang='lat' dir='ltr'>disci-</span> 
     </span>
     <span class='ocr_line' id='line_1_23' title="bbox 55 1494 1188 1542; baseline 0 -12"><span class='ocrx_word' id='word_1_174' title='bbox 55 1510 130 1530; x_wconf 86' lang='lat' dir='ltr'>mus</span> <span class='ocrx_word' id='word_1_175' title='bbox 155 1499 196 1529; x_wconf 85' lang='lat' dir='ltr'>ab</span> <span class='ocrx_word' id='word_1_176' title='bbox 220 1495 452 1541; x_wconf 78' lang='lat' dir='ltr'>Hieronymo,</span> <span class='ocrx_word' id='word_1_177' title='bbox 489 1494 583 1540; x_wconf 82' lang='lat' dir='ltr'>cujus</span> <span class='ocrx_word' id='word_1_178' title='bbox 607 1495 690 1528; x_wconf 87' lang='lat' dir='ltr'>haec</span> <span class='ocrx_word' id='word_1_179' title='bbox 715 1497 817 1529; x_wconf 85' lang='lat' dir='ltr'>verba</span> <span class='ocrx_word' id='word_1_180' title='bbox 849 1506 926 1530; x_wconf 89' lang='lat' dir='ltr'>sunt</span> <span class='ocrx_word' id='word_1_181' title='bbox 951 1497 1087 1542; x_wconf 85' lang='lat' dir='ltr'>epistol.</span> <span class='ocrx_word' id='word_1_182' title='bbox 1114 1498 1188 1533; x_wconf 82' lang='grc'>152.</span> 
     </span>
     <span class='ocr_line' id='line_1_24' title="bbox 55 1557 1194 1602; baseline 0.001 -10"><span class='ocrx_word' id='word_1_183' title='bbox 55 1559 97 1592; x_wconf 85' lang='lat' dir='ltr'>ad</span> <span class='ocrx_word' id='word_1_184' title='bbox 122 1557 325 1592; x_wconf 79' lang='lat' dir='ltr'>Minervium</span> <span class='ocrx_word' id='word_1_185' title='bbox 352 1566 385 1589; x_wconf 90' lang='lat' dir='ltr'>et</span> <span class='ocrx_word' id='word_1_186' title='bbox 409 1557 659 1590; x_wconf 81' lang='lat' dir='ltr'>Alexandrum:</span> <span class='ocrx_word' id='word_1_187' title='bbox 693 1559 883 1602; x_wconf 78' lang='lat' dir='ltr'>»Origenes</span> <span class='ocrx_word' id='word_1_188' title='bbox 908 1559 942 1592; x_wconf 89' lang='lat' dir='ltr'>in</span> <span class='ocrx_word' id='word_1_189' title='bbox 967 1560 1067 1593; x_wconf 83' lang='lat' dir='ltr'>tertio</span> <span class='ocrx_word' id='word_1_190' title='bbox 1094 1562 1194 1594; x_wconf 83' lang='lat' dir='ltr'>volu-</span> 
     </span>
     <span class='ocr_line' id='line_1_25' title="bbox 54 1619 1192 1667; baseline 0.001 -12"><span class='ocrx_word' id='word_1_191' title='bbox 54 1621 146 1655; x_wconf 87' lang='lat' dir='ltr'>mine</span> <span class='ocrx_word' id='word_1_192' title='bbox 178 1621 452 1667; x_wconf 74' lang='grc' dir='ltr'><em>ἕξηγηματικῶν</em></span> <span class='ocrx_word' id='word_1_193' title='bbox 484 1619 648 1665; x_wconf 86' lang='lat' dir='ltr'>epistolae</span> <span class='ocrx_word' id='word_1_194' title='bbox 680 1621 778 1654; x_wconf 89' lang='lat' dir='ltr'>Pauli</span> <span class='ocrx_word' id='word_1_195' title='bbox 808 1623 851 1655; x_wconf 83' lang='lat' dir='ltr'>ad</span> <span class='ocrx_word' id='word_1_196' title='bbox 875 1622 1192 1657; x_wconf 85' lang='lat' dir='ltr'>Thessalonicenses</span> 
     </span>
     <span class='ocr_line' id='line_1_26' title="bbox 55 1682 1192 1730; baseline 0.002 -13"><span class='ocrx_word' id='word_1_197' title='bbox 55 1683 196 1730; x_wconf 87' lang='lat' dir='ltr'>primae,</span> <span class='ocrx_word' id='word_1_198' title='bbox 220 1692 300 1728; x_wconf 89' lang='lat' dir='ltr'>post</span> <span class='ocrx_word' id='word_1_199' title='bbox 323 1682 441 1725; x_wconf 85' lang='lat' dir='ltr'>multa,</span> <span class='ocrx_word' id='word_1_200' title='bbox 469 1695 553 1728; x_wconf 83' lang='lat' dir='ltr'>quae</span> <span class='ocrx_word' id='word_1_201' title='bbox 578 1683 671 1716; x_wconf 87' lang='lat' dir='ltr'>vario</span> <span class='ocrx_word' id='word_1_202' title='bbox 696 1684 922 1729; x_wconf 88' lang='lat' dir='ltr'>prudentique</span> <span class='ocrx_word' id='word_1_203' title='bbox 946 1698 1101 1719; x_wconf 82' lang='lat' dir='ltr'>sermone</span> <span class='ocrx_word' id='word_1_204' title='bbox 1127 1682 1192 1719; x_wconf 80' lang='lat' dir='ltr'>dis-</span> 
     </span>
     <span class='ocr_line' id='line_1_27' title="bbox 56 1744 1191 1790; baseline -0.001 -10"><span class='ocrx_word' id='word_1_205' title='bbox 56 1746 178 1787; x_wconf 87' lang='lat' dir='ltr'>seruit,</span> <span class='ocrx_word' id='word_1_206' title='bbox 201 1745 284 1779; x_wconf 85' lang='lat' dir='ltr'>haec</span> <span class='ocrx_word' id='word_1_207' title='bbox 307 1744 439 1778; x_wconf 86' lang='lat' dir='ltr'>intulit:</span> <span class='ocrx_word' id='word_1_208' title='bbox 470 1745 512 1777; x_wconf 88' lang='lat' dir='ltr'>de</span> <span class='ocrx_word' id='word_1_209' title='bbox 537 1745 658 1790; x_wconf 83' lang='lat' dir='ltr'>quibus</span> <span class='ocrx_word' id='word_1_210' title='bbox 680 1746 767 1778; x_wconf 89' lang='lat' dir='ltr'>nulli</span> <span class='ocrx_word' id='word_1_211' title='bbox 792 1746 938 1780; x_wconf 89' lang='lat' dir='ltr'>dubium·</span> <span class='ocrx_word' id='word_1_212' title='bbox 959 1759 1009 1783; x_wconf 83' lang='lat' dir='ltr'>est</span> <span class='ocrx_word' id='word_1_213' title='bbox 1031 1749 1191 1782; x_wconf 77' lang='lat' dir='ltr'>Acacium</span> 
     </span>
     <span class='ocr_line' id='line_1_28' title="bbox 56 1808 1191 1856; baseline -0.001 -14"><span class='ocrx_word' id='word_1_214' title='bbox 56 1809 219 1856; x_wconf 85' lang='lat' dir='ltr'>pleraque</span> <span class='ocrx_word' id='word_1_215' title='bbox 251 1808 381 1841; x_wconf 85' lang='lat' dir='ltr'>libasse.</span> <span class='ocrx_word' id='word_1_216' title='bbox 394 1824 411 1839; x_wconf 90' lang='lat'>«</span> <span class='ocrx_word' id='word_1_217' title='bbox 459 1809 572 1853; x_wconf 85' lang='lat' dir='ltr'>Atque</span> <span class='ocrx_word' id='word_1_218' title='bbox 596 1808 678 1841; x_wconf 84' lang='lat' dir='ltr'>haec</span> <span class='ocrx_word' id='word_1_219' title='bbox 703 1809 891 1855; x_wconf 65' lang='grc' dir='ltr'><em>ἐξηγητικά</em></span> <span class='ocrx_word' id='word_1_220' title='bbox 917 1811 991 1845; x_wconf 77' lang='lat' dir='ltr'>libr,</span> <span class='ocrx_word' id='word_1_221' title='bbox 1017 1811 1049 1846; x_wconf 83' lang='lat'>2,</span> <span class='ocrx_word' id='word_1_222' title='bbox 1075 1821 1191 1844; x_wconf 75' lang='lat' dir='ltr'>contra</span> 
     </span>
     <span class='ocr_line' id='line_1_29' title="bbox 60 1870 1193 1917; baseline 0 -11"><span class='ocrx_word' id='word_1_223' title='bbox 60 1872 197 1906; x_wconf 87' lang='lat' dir='ltr'>Celsum</span> <span class='ocrx_word' id='word_1_224' title='bbox 228 1871 408 1904; x_wconf 86' lang='lat' dir='ltr'>laudantur</span> <span class='ocrx_word' id='word_1_225' title='bbox 438 1883 532 1903; x_wconf 88' lang='lat' dir='ltr'>num.</span> <span class='ocrx_word' id='word_1_226' title='bbox 557 1870 610 1906; x_wconf 86' lang='lat'>65.</span> <span class='ocrx_word' id='word_1_227' title='bbox 658 1871 839 1917; x_wconf 89' lang='lat' dir='ltr'>Decerptis</span> <span class='ocrx_word' id='word_1_228' title='bbox 871 1885 888 1905; x_wconf 91' lang='lat' dir='ltr'>e</span> <span class='ocrx_word' id='word_1_229' title='bbox 922 1873 1011 1906; x_wconf 84' lang='lat' dir='ltr'>libro</span> <span class='ocrx_word' id='word_1_230' title='bbox 1038 1873 1193 1916; x_wconf 83' lang='lat' dir='ltr'>Origenis</span> 
     </span>
     <span class='ocr_line' id='line_1_30' title="bbox 59 1932 1192 1981; baseline 0.001 -14"><span class='ocrx_word' id='word_1_231' title='bbox 59 1934 95 1966; x_wconf 84' lang='lat' dir='ltr'>in</span> <span class='ocrx_word' id='word_1_232' title='bbox 131 1934 310 1979; x_wconf 81' lang='lat' dir='ltr'>epistolam</span> <span class='ocrx_word' id='word_1_233' title='bbox 346 1933 387 1965; x_wconf 88' lang='lat' dir='ltr'>ad</span> <span class='ocrx_word' id='word_1_234' title='bbox 419 1933 537 1966; x_wconf 88' lang='lat' dir='ltr'>Titum</span> <span class='ocrx_word' id='word_1_235' title='bbox 570 1932 699 1967; x_wconf 87' lang='lat' dir='ltr'>laciniis</span> <span class='ocrx_word' id='word_1_236' title='bbox 731 1934 956 1979; x_wconf 86' lang='lat' dir='ltr'>locupletavit</span> <span class='ocrx_word' id='word_1_237' title='bbox 985 1935 1192 1981; x_wconf 84' lang='lat' dir='ltr'>Apologiam</span> 
     </span>
     <span class='ocr_line' id='line_1_31' title="bbox 62 1995 1194 2044; baseline 0.002 -15"><span class='ocrx_word' id='word_1_238' title='bbox 62 2008 154 2029; x_wconf 84' lang='lat' dir='ltr'>suam</span> <span class='ocrx_word' id='word_1_239' title='bbox 169 1995 377 2041; x_wconf 84' lang='lat' dir='ltr'>Pamphilus,</span> <span class='ocrx_word' id='word_1_240' title='bbox 403 2008 523 2041; x_wconf 89' lang='lat' dir='ltr'>easque</span> <span class='ocrx_word' id='word_1_241' title='bbox 547 1996 594 2029; x_wconf 81' lang='lat' dir='ltr'>ita</span> <span class='ocrx_word' id='word_1_242' title='bbox 619 1997 885 2030; x_wconf 83' lang='lat' dir='ltr'>commendavit:</span> <span class='ocrx_word' id='word_1_243' title='bbox 913 1997 1030 2041; x_wconf 82' lang='lat' dir='ltr'>»Quae</span> <span class='ocrx_word' id='word_1_244' title='bbox 1056 1998 1194 2044; x_wconf 87' lang='lat' dir='ltr'>quidem</span> 
     </span>
     <span class='ocr_line' id='line_1_32' title="bbox 61 2056 1194 2103; baseline 0.002 -13"><span class='ocrx_word' id='word_1_245' title='bbox 61 2070 130 2090; x_wconf 88' lang='lat' dir='ltr'>non</span> <span class='ocrx_word' id='word_1_246' title='bbox 161 2056 195 2090; x_wconf 85' lang='lat' dir='ltr'>in</span> <span class='ocrx_word' id='word_1_247' title='bbox 223 2057 364 2103; x_wconf 85' lang='lat' dir='ltr'>publico</span> <span class='ocrx_word' id='word_1_248' title='bbox 399 2057 487 2091; x_wconf 81' lang='lat' dir='ltr'>dicta</span> <span class='ocrx_word' id='word_1_249' title='bbox 520 2068 596 2091; x_wconf 91' lang='lat' dir='ltr'>sunt</span> <span class='ocrx_word' id='word_1_250' title='bbox 626 2060 667 2092; x_wconf 86' lang='lat' dir='ltr'>ab</span> <span class='ocrx_word' id='word_1_251' title='bbox 699 2072 758 2100; x_wconf 92' lang='lat' dir='ltr'>eo,</span> <span class='ocrx_word' id='word_1_252' title='bbox 788 2059 825 2092; x_wconf 90' lang='lat' dir='ltr'>id</span> <span class='ocrx_word' id='word_1_253' title='bbox 858 2069 922 2101; x_wconf 88' lang='lat' dir='ltr'>est,</span> <span class='ocrx_word' id='word_1_254' title='bbox 956 2060 989 2093; x_wconf 89' lang='lat' dir='ltr'>in</span> <span class='ocrx_word' id='word_1_255' title='bbox 1021 2060 1194 2094; x_wconf 88' lang='lat' dir='ltr'>communi</span> 
     </span>
     <span class='ocr_line' id='line_1_33' title="bbox 64 2118 1194 2168; baseline 0.002 -16"><span class='ocrx_word' id='word_1_256' title='bbox 64 2118 225 2162; x_wconf 80' lang='lat' dir='ltr'>ecclesiae</span> <span class='ocrx_word' id='word_1_257' title='bbox 258 2119 449 2162; x_wconf 83' lang='lat' dir='ltr'>auditorio,</span> <span class='ocrx_word' id='word_1_258' title='bbox 483 2133 525 2153; x_wconf 90' lang='lat' dir='ltr'>ne</span> <span class='ocrx_word' id='word_1_259' title='bbox 556 2122 645 2154; x_wconf 82' lang='lat' dir='ltr'>sorte</span> <span class='ocrx_word' id='word_1_260' title='bbox 678 2131 816 2167; x_wconf 84' lang='lat' dir='ltr'>putetur</span> <span class='ocrx_word' id='word_1_261' title='bbox 845 2132 991 2168; x_wconf 87' lang='lat' dir='ltr'>propter</span> <span class='ocrx_word' id='word_1_262' title='bbox 1021 2123 1194 2156; x_wconf 86' lang='lat' dir='ltr'>audientes</span> 
     </span>
     <span class='ocr_line' id='line_1_34' title="bbox 62 2179 1194 2226; baseline 0.001 -11"><span class='ocrx_word' id='word_1_263' title='bbox 62 2179 286 2215; x_wconf 79' lang='lat' dir='ltr'>favorabilem</span> <span class='ocrx_word' id='word_1_264' title='bbox 317 2190 444 2226; x_wconf 84' lang='lat' dir='ltr'>aptasse</span> <span class='ocrx_word' id='word_1_265' title='bbox 475 2196 685 2218; x_wconf 86' lang='lat' dir='ltr'>sermonem:</span> <span class='ocrx_word' id='word_1_266' title='bbox 722 2185 781 2218; x_wconf 82' lang='lat' dir='ltr'>sed</span> <span class='ocrx_word' id='word_1_267' title='bbox 815 2197 852 2217; x_wconf 82' lang='lat' dir='ltr'>ex</span> <span class='ocrx_word' id='word_1_268' title='bbox 885 2184 952 2218; x_wconf 88' lang='lat' dir='ltr'>illis</span> <span class='ocrx_word' id='word_1_269' title='bbox 987 2185 1067 2217; x_wconf 83' lang='lat' dir='ltr'>haec</span> <span class='ocrx_word' id='word_1_270' title='bbox 1100 2183 1194 2216; x_wconf 87' lang='lat' dir='ltr'>libris</span> 
     </span>
    </p>
   </div>
   <div class='ocr_carea' id='block_1_3' title="bbox 60 2242 1196 2291">
    <p class='ocr_par' dir='ltr' id='par_1_3' title="bbox 60 2242 1196 2291">
     <span class='ocr_line' id='line_1_35' title="bbox 60 2242 1196 2291; baseline 0.003 -15"><span class='ocrx_word' id='word_1_271' title='bbox 60 2242 285 2288; x_wconf 78' lang='lat' dir='ltr'>protulimus,</span> <span class='ocrx_word' id='word_1_272' title='bbox 321 2254 405 2287; x_wconf 86' lang='lat' dir='ltr'>quos</span> <span class='ocrx_word' id='word_1_273' title='bbox 429 2244 463 2277; x_wconf 86' lang='lat' dir='ltr'>in</span> <span class='ocrx_word' id='word_1_274' title='bbox 488 2254 618 2279; x_wconf 80' lang='lat' dir='ltr'>secreto</span> <span class='ocrx_word' id='word_1_275' title='bbox 643 2246 732 2291; x_wconf 87' lang='lat' dir='ltr'>apud</span> <span class='ocrx_word' id='word_1_276' title='bbox 757 2254 863 2280; x_wconf 86' lang='lat' dir='ltr'>semet</span> <span class='ocrx_word' id='word_1_277' title='bbox 887 2245 996 2290; x_wconf 87' lang='lat' dir='ltr'>ipsum</span> <span class='ocrx_word' id='word_1_278' title='bbox 1022 2245 1118 2278; x_wconf 89' lang='lat' dir='ltr'>nullo</span> <span class='ocrx_word' id='word_1_279' title='bbox 1145 2258 1196 2279; x_wconf 83' lang='lat' dir='ltr'>ar-</span> 
     </span>
    </p>
   </div>
  </div>
 </body>
</html>
