1422 2472
360 70 430 95 rsso
457 60 625 94 omanis-13
652 61 874 96 Anmomno.
1121 64 1188 100 279

51 159 182 196 partem
206 159 274 184 tam
298 151 444 192 Graece,
476 165 576 197 quam
600 152 716 185 Latine
750 153 929 199 plerasque
959 153 1184 199 blasphemias

52 222 292 254 commutasse,
317 227 401 260 quae
425 214 459 247 in
483 214 622 248 Eusebii
651 223 745 248 textu
777 216 1028 261 comparebant.
1078 215 1184 260 Quod

49 288 117 308 non
149 275 244 309 aliud
273 275 453 319 significat,
486 289 586 322 quam
618 290 702 322 quae
735 277 932 323 blasphema
970 279 1183 327 Hieronymo

48 338 268 380 videbantur,
298 340 374 373 solo
407 341 589 373 verborum
620 352 718 373 sensu
742 340 940 384 immutato,
964 341 1007 375 ad
1032 341 1184 376 Catholi-

49 414 125 434 cum
155 414 289 434 sensum
321 401 507 435 adduxisse.
571 403 657 435 Rem
690 402 780 436 enim
813 402 960 448 aliquam
992 402 1027 436 in
1056 404 1183 438 bonam

46 473 176 508 partem
201 474 421 506 commutare,
445 473 494 497 est
518 464 625 510 ipsam
650 466 859 510 eandemque
884 478 968 506 rem,
993 479 1077 511 quae
1095 468 1183 501 mala

46 527 100 559 vel
125 536 206 568 erat,
233 527 287 561 vel
313 539 382 560 esse
408 526 602 568 videbatur,
627 529 669 560 ad
693 529 822 561 bonum
858 537 1066 563 convertere.
1114 531 1181 564 Res

47 579 164 622 ead'em
190 598 383 634 permanet;
406 598 509 622 status
533 589 584 622 rei
606 603 675 623 non
700 590 804 627 idern.

136 652 212 686 Vll.
259 652 329 685 Sed
352 652 498 684 necdum
523 652 573 684 his
599 662 794 694 contentus,
821 665 905 698 quae
929 666 1030 699 supra
1055 654 1182 701 objecit

46 713 275 761 Hieronymus
299 715 350 756 ad-
365 714 570 759 Apologiam
595 715 679 748 hanc
703 725 817 748 sancto
842 715 979 762 martyri
996 716 1180 762 Pamphilo

43 775 319 822 abjudicandam,
353 777 478 810 iterum
508 777 609 810 instat
639 777 697 811 lib.
723 777 768 811 II.
792 778 921 812 advers,
945 779 1108 813 Rufinum
1131 780 1182 815 his

45 837 174 872 verbis:
200 838 384 883 »Quamvis
408 840 450 872 de
473 839 614 873 Eusebii
638 839 726 873 lIbro
757 841 864 874 multa
896 842 1116 884 subtraxerit,
1148 854 1183 877 et

43 899 78 932 in
102 901 227 934 bonam
250 911 383 946 partem
414 903 455 936 de
477 901 570 936 Filio
603 911 636 935 et
665 903 707 936 de
731 903 863 948 Spiritu
885 913 1000 937 sancto
1024 905 1116 939 nisus
1139 907 1183 940 sit·

46 974 271 1006 commutare,
296 974 409 998 tamen
431 965 539 998 multa
561 965 596 998 in
620 965 684 998 illo
708 966 866 1000 scandala
888 967 1122 1012 reperiuntur,
1147 980 1182 1003 et

44 1027 273 1071 apertissimae
296 1028 538 1073 blasphemiae,
562 1041 648 1073 quae
672 1028 734 1061 iste
759 1042 816 1062 sun
841 1042 963 1072 negare
987 1044 1056 1065 non
1081 1042 1180 1077 pote-

43 1090 98 1131 rit,
124 1090 301 1124 Catholica
326 1104 396 1124 esse
420 1091 654 1136 pronuntians.
700 1090 798 1124 Dicit
820 1091 1005 1134 Eusebius,
1030 1093 1122 1135 imo,
1142 1104 1181 1128 ut

45 1162 83 1185 tu
106 1153 165 1194 vis,
190 1152 389 1199 Pamphilus
418 1153 453 1186 in
483 1153 547 1186 isto
570 1152 753 1190 ‚volumine
783 1153 913 1186 Filium
946 1155 1057 1189 Patris
1081 1156 1181 1190 mini-

44 1224 167 1258 strum3
199 1216 364 1261 Spiritum
400 1225 552 1249 sanctum
585 1228 654 1248 non
685 1216 727 1248 de
753 1217 871 1249 eadem
894 1217 1004 1251 Patris
1029 1218 1180 1264 Filiique

43 1278 244 1322 substantia3
276 1278 402 1312 animas
433 1278 612 1311 hominum
644 1277 752 1323 lapsas
784 1291 855 1311 esse
879 1280 922 1313 de
948 1280 1064 1322 coelo,
1090 1291 1123 1315 et
1146 1282 1181 1315 in

42 1342 119 1383 hoc,
145 1342 237 1387 quod
262 1355 395 1382 sumus,
427 1341 470 1374 de
501 1341 626 1384 angelis
656 1341 874 1383 commutati,
905 1343 940 1376 in
963 1344 1181 1378 restitutione

44 1404 195 1439 omnium
220 1405 375 1450 aequales
401 1414 434 1438 et
465 1405 615 1447 angelos,
655 1414 689 1437 et
719 1405 921 1447 daemones,
961 1416 995 1440 et
1026 1407 1181 1442 homines

42 1469 138 1509 sore,
170 1478 203 1501 et
235 1468 300 1501 alia
324 1477 392 1501 tam
424 1468 528 1513 impia
553 1477 587 1501 et
610 1468 757 1509 nefaria,
781 1480 867 1513 quae
891 1468 992 1502 etiam
1016 1470 1180 1515 replicare

41 1531 85 1565 sit
109 1530 291 1564 criminis.«
340 1531 468 1564 Verum
499 1529 554 1562 hic
583 1539 716 1563 sanctus
740 1531 864 1564 doctor
885 1530 951 1564 sihi
974 1531 1041 1576 ipsi
1064 1542 1182 1577 aperte

42 1595 248 1630 adversatur.
296 1594 443 1627 Tantum
470 1593 559 1626 enim
584 1593 687 1632 abest,
711 1602 750 1626 ut
773 1593 922 1638 aliquem
948 1594 990 1626 de
1014 1593 1180 1628 Trinitate

45 1670 195 1690 errorem
219 1656 254 1690 in
279 1669 317 1690 ea
341 1657 455 1691 Rufini
487 1655 767 1701 interpretatione
798 1655 982 1700 repererit,
1012 1664 1051 1689 ut
1079 1653 1181 1690 Pam-

41 1720 177 1765 philum
210 1733 228 1753 e
260 1720 430 1754 contrario
463 1728 585 1753 asserat
619 1718 785 1752 Nicaenae
816 1719 956 1764 synodi,
993 1731 1078 1764 quae
1114 1720 1181 1753 fuit

42 1792 172 1828 postea,
195 1795 258 1828 per
282 1796 354 1816 eam
379 1782 513 1816 ostendi
544 1782 777 1821 defensorem,
813 1790 848 1814 et
876 1780 954 1814 inde
987 1782 1180 1824 concludat,

43 1848 83 1879 ab
107 1846 223 1892 aliquo
246 1847 282 1880 in
306 1845 472 1880 Trinitate
498 1845 678 1878 Catholico
711 1856 796 1889 opus
827 1843 915 1876 illud
937 1844 1040 1878 fuisse
1066 1858 1180 1879 emen-

45 1910 169 1944 datum.
217 1910 275 1943 Sic
299 1909 388 1942 enim
413 1908 460 1941 ait
482 1910 544 1942 sub
568 1909 671 1941 finem
701 1906 863 1952 epistolae
880 1907 934 1943 65.
959 1908 1001 1940 ad
1024 1909 1180 1942 Pamma-

47 1972 157 2005 chium
183 1981 216 2005 et
242 1973 434 2005 Oceanum:
470 1972 556 2005 »Sex
579 1971 746 2004 librorum
769 1970 910 2003 Eusebii
932 1983 1034 2015 super
1059 1971 1179 2013 Orige-

43 2035 93 2067 nis
118 2034 325 2068 Defensione
359 2034 564 2079 principium
594 2046 700 2079 usque
731 2034 773 2066 ad
806 2033 902 2065 mille
933 2033 1040 2065 ferme
1066 2046 1178 2066 versus

44 2096 132 2129 liber
154 2097 234 2137 iste,
270 2097 328 2143 qui
352 2095 523 2142 Pamphili
548 2096 690 2137 dicitur,
721 2095 891 2138 continet,
926 2105 958 2128 et
982 2095 1015 2127 in
1038 2095 1177 2140 reliquis

42 2158 188 2203 scriptor
213 2157 361 2203 ejusdem
388 2159 499 2205 operis
523 2159 656 2204 profert
678 2158 889 2199 testimonia,
914 2157 1035 2202 quibus
1060 2157 1179 2191 nititur

45 2221 234 2266 approbare
259 2221 441 2264 Origenem
466 2222 567 2254 fuisse
587 2221 812 2255 catholicum.
850 2220 1015 2253 Eusebius
1030 2229 1063 2253 et
1079 2221 1178 2254 Pam-

46 2283 157 2332 philus
182 2292 303 2317 tantam
329 2284 416 2318 intcr
438 2297 473 2318 se
497 2284 642 2319 habuere
665 2283 901 2327 concordiam,
923 2293 962 2317 ut
985 2283 1082 2319 unius
1108 2284 1177 2318 ani-
