1413 2482
153 83 221 119 168
484 85 596 118 Pfirm
622 85 797 118 Danu-:ms
823 85 951 119 Ηυετιι

160 181 270 206 aetate
293 173 413 214 fuisse,
452 173 560 218 qualis
590 175 692 208 hodie
727 175 976 208 circumfertur.
1023 174 1156 208 Thoma
1187 174 1299 219 itaque

162 234 332 278 antiquior
357 245 416 275 est,
441 235 621 268 Gennadio
647 236 825 269 recentior.
872 235 1019 280 Propius
1044 248 1124 268 vero
1149 236 1191 269 ad
1209 236 1299 270 Gen-

162 296 255 329 nadii
287 306 429 329 aetatem
459 298 619 330 accedere
653 311 722 331 non
754 298 885 331 levibus
916 297 1048 330 indiciis
1079 297 1301 342 deprehendi-

162 370 246 390 mus.
294 358 408 391 Tomo
436 359 544 393 XVII.
570 359 603 391 in
629 359 750 392 Matth.
782 374 875 393 num.
900 359 952 394 14.
985 359 1065 392 haec
1099 359 1199 392 babet
1223 359 1302 394 Ori-

164 431 280 461 genes:
314 420 506 465 >>ὁποΐοιί>
540 423 631 457 εἰσιν
664 424 698 456 οἱ
731 427 946 468 συγχέοντες
977 421 1113 467 πατρὸς
1137 423 1198 455 καὶ
1221 423 1300 456 υἱοῦ

166 481 332 526 ἔννοιαν,
364 486 425 517 καὶ
459 485 498 530 τῇ
526 481 718 518 ὑποστάσει
747 484 810 518 ἕνα
834 483 999 523 διδόντες
1023 481 1117 520 εἶναι
1140 480 1205 517 τόν
1228 486 1303 516 ἕνα·

165 546 262 587 τέρα,
288 546 348 577 καὶ
373 544 438 579 τὸν
465 544 554 579 υἱόν.
587 545 698 578 Vertit
723 555 817 579 vetus
842 546 1026 591 interpres:
1054 544 1204 589 »Quales
1228 552 1305 577 sunt

166 604 356 646 Haeretici,
394 606 452 651 qui
484 607 697 640 confundunt
735 607 844 640 Patris
883 617 915 641 et
955 607 1038 641 Filii
1071 605 1303 648 substantiam,

166 679 271 699 unum
297 668 446 701 dicentes
470 682 541 702 esse
566 669 701 702 Patrem
727 679 760 715 et
785 670 943 703 Filium«
983 668 1208 704 ζΥπόσιασιν
1231 667 1308 700 red-

168 728 219 760 dit
247 730 530 771 »substantiam,«
566 733 659 776 quod
692 745 844 775 magnam
875 731 1050 777 scriptoris
1073 729 1307 775 antiquitatem

168 789 272 834 sapiu
303 791 364 825 hac
395 793 484 826 enim
515 793 658 826 notione
692 792 894 828 ὑπόστασιν
925 794 1055 839 antiqui
1089 794 1161 826 fere
1191 792 1309 825 Patres

168 863 343 897 usurpant.
403 855 551 888 Hilarius
584 855 619 888 in
656 855 746 889 libro
779 856 820 888 de
849 856 986 902 synodis
1018 864 1136 888 contra
1167 854 1309 888 Arianos

169 922 237 946 tres
259 916 411 957 agnoscit
434 916 634 949 substantias
654 917 686 949 in
705 917 883 957 Trinitate‚
907 919 973 950 hoc
992 927 1052 958 est,
1079 914 1309 959 ὑποστάσεις,

170 975 362 1022 ἰδιότητας,
389 977 589 1023 πρόσωπα,
615 979 833 1012 substantiam
860 980 900 1013 ab
926 979 1068 1012 essentia
1092 977 1311 1020 distinguens,

170 1037 305 1072 Priscus
337 1054 475 1086 quoque
505 1043 596 1076 Novi
627 1041 837 1076 Testamenti
876 1041 1042 1085 interpres
1073 1040 1188 1072 locum
1220 1039 1310 1072 hunc

173 1098 278 1133 Hebr.
303 1102 328 1141 I,
353 1102 384 1137 3.
425 1103 487 1143 ‘'0;
519 1102 571 1138 ὧν
604 1103 832 1149 ἀπαύγασμα
867 1105 927 1145 τῆς
949 1101 1072 1146 δόξης,
1107 1104 1169 1136 καὶ
1186 1114 1311 1146 χαρα-

173 1161 260 1207 κῒὴξ)
285 1166 346 1207 Ὶῆς
372 1164 606 1204 ὑποσπὶσεως
633 1165 762 1203 αὐτοῦ,
799 1164 927 1197 reddit:
955 1174 1007 1197 »et
1033 1164 1136 1206 figura
1159 1163 1312 1196 substan-

172 1223 239 1257 tiae
265 1224 382 1271 ejus:«
406 1241 468 1261 nec
493 1228 528 1260 id
554 1228 698 1260 mutavit
711 1227 948 1274 Hieronymus,
974 1225 1126 1270 quamvis
1151 1223 1315 1260 ὑπόστα-

174 1297 229 1325 ΟἾς
252 1287 300 1320 ibi
328 1302 546 1333 »personam«
578 1290 732 1322 videatur
760 1289 956 1331 significare.
1004 1287 1098 1320 Nihil
1124 1297 1236 1320 tamen
1260 1285 1313 1318 hic

173 1348 327 1392 affirmo;
357 1351 428 1384 scio
459 1352 550 1384 enim
581 1365 598 1384 a
623 1352 779 1384 Patribus
812 1349 927 1382 multis
951 1348 1169 1381 substantiam
1193 1349 1313 1392 ipsam,

175 1421 234 1441 seu
257 1421 410 1445 naturam
449 1422 483 1446 et
515 1415 691 1447 essentiam
722 1413 830 1445 Patris
862 1412 914 1444 bie
946 1410 1100 1452 intelligi.
1155 1410 1207 1443 Ad
1233 1410 1315 1442 haec

174 1480 270 1504 vetus
300 1472 359 1506 ille
391 1474 556 1519 interpres
586 1476 698 1509 Tract,
722 1475 755 1510 8.
788 1474 950 1516 insignem
985 1474 1098 1505 locum
1131 1472 1313 1517 profert²)

175 1544 213 1564 ex
238 1533 422 1577 Evangelio
448 1538 633 1569 secundum
659 1538 843 1570 Hebraeos.
893 1535 998 1580 Atqui
1027 1534 1062 1566 id
1097 1534 1138 1566 de
1171 1546 1232 1566 suo
1257 1533 1315 1566 ad-

177 1592 279 1635 didit;
305 1597 433 1642 quippe
457 1600 550 1644 quod
575 1599 608 1632 in
634 1598 882 1644 exemplaribus
907 1596 1045 1630 Graecis
1068 1607 1233 1640 nusquam
1257 1607 1317 1638 ap-

177 1666 302 1697 pareat.
351 1661 401 1691 Ac
432 1661 578 1705 proinde
599 1670 804 1706 ‘temporum
837 1660 992 1699 illorum,
1026 1657 1147 1703 quibus
1171 1657 1238 1689 hoc
1262 1669 1315 1689 su-

178 1729 312 1760 pererat
334 1721 570 1767 Evangelium,
594 1723 742 1768 aequalis
768 1722 841 1755 fuit.

269 1781 431 1817 Profecto
457 1785 651 1830 interpretis
684 1784 781 1830 hujus
811 1792 952 1816 aetatem
978 1780 1190 1823 investiganti
1214 1780 1316 1813 alicui

179 1841 362 1876 verisimile
405 1846 545 1879 forsitan
595 1848 653 1879 siet
697 1845 891 1880 cassiodori
934 1843 1147 1887 temporibus
1188 1841 1316 1881 vixisse,

178 1901 357 1949 ipsumque
395 1908 480 1939 adeo
511 1921 581 1941 esse
612 1907 842 1953 Epiplnanium
879 1905 1146 1943 Scholasticum‚
1187 1902 1318 1936 Cassio-

180 1964 257 1997 dori
286 1967 487 2001 familiarem
526 1979 559 2002 et
588 1970 824 2003 necessarium.
878 1968 987 2011 Supra
1018 1975 1222 1998 memoratae
1254 1978 1317 1997 no-

181 2036 233 2060 tae
279 2029 436 2062 videntur
477 2031 675 2071 convenire,
723 2030 874 2074 aliaeque
921 2038 1105 2072 praeterea.
1166 2027 1315 2061 Graecae

278 2203 308 2245 ¹)
335 2203 404 2236 Cfr.
431 2205 482 2238 ed.
508 2214 639 2237 nostrae
666 2204 765 2236 Tou).
795 2204 849 2234 lv.
876 2216 948 2246 pag.
978 2203 1052 2237 116.

275 2279 307 2320 ’-’)
334 2278 419 2310 Vide
445 2278 544 2312 Tom.
570 2277 641 2310 XV.
669 2277 701 2309 in
729 2276 848 2309 Matth.
875 2288 965 2307 num.
995 2275 1043 2309 14.
