1422 2472
403 71 583 102 Apomem
617 78 686 102 pao
715 69 879 102 Ouum-:NE
1137 68 1198 103 301

77 161 164 193 bona
197 159 328 198 dicunt,
358 159 509 204 apprime
542 159 725 191 memoriae
750 158 924 190 retinenda
949 159 1201 190 commendent:

77 233 146 266 qno
171 221 330 254 videlicet
359 221 525 266 promtius
550 233 586 252 ea
615 221 824 264 proferentes
865 218 1116 263 exercitatius¹)
1148 232 1202 252 va-

77 282 168 315 leant
192 283 393 316 concinnare
416 282 606 315 calumnias.
655 281 756 314 Aliud
788 294 923 326 quoque
949 289 998 312 est
1020 292 1121 322 genus
1143 280 1204 311 ho-

78 342 207 376 minum
232 345 372 377 foedum
395 357 473 377 sane
497 354 531 376 et
553 353 669 388 turpe,
703 353 861 388 quantum
887 342 974 385 ad2)
998 341 1203 385 probitatem

78 404 224 449 pertinet
247 419 401 446 morum,
432 407 492 439 sed
522 406 563 438 ad
595 404 864 438 calumniandum
894 403 1139 443 vehementius,
1170 412 1203 435 et

78 466 195 499 tetrius
218 468 260 499 ad
284 468 512 508 incusandum,
537 481 621 512 quos
643 467 764 500 Graeci
789 463 1078 511 ([τιγολοιὸόρους
1090 465 1123 508 ³)
1146 477 1204 509 ap—

78 527 264 570 pellarunt:
289 529 346 573 qui
370 543 537 562 summum
561 530 698 574 quidem
722 527 891 567 studium,
916 527 974 559 sed
999 535 1032 558 et
1053 526 1130 558 satis
1153 525 1205 559 in-

78 596 204 622 tentam
230 603 367 634 operam
392 591 485 624 libris
510 591 579 636 ejus
604 591 778 629 dederunt,
802 589 847 621 ita
863 598 901 621 ut
925 598 958 620 et
980 587 1138 630 magistro
1163 600 1204 620 eo

81 648 116 682 in
143 652 297 685 omnibus
320 663 505 693 uterentur,
531 662 564 685 et
587 666 621 685 se
645 652 674 684 ei
698 661 854 694 tanquam
874 649 1034 694 speciales
1059 649 1206 694 discipu-

83 710 134 744 los
157 713 401 758 manciparent:
433 715 492 747 sed
520 714 580 746 ubi
612 714 652 746 ad
682 713 718 745 id
742 712 811 745 loci
836 720 971 744 ventum
998 721 1057 751 est,
1079 721 1116 744 ut
1139 711 1205 757 jam

82 785 117 806 se
141 775 315 817 magistros
339 772 458 809 malint
483 789 582 820 quam
606 775 790 819 discipulos
813 773 998 813 nominari,
1029 773 1089 805 ubi
1112 773 1206 805 audi-

81 836 164 869 toris
177 837 211 880 ⁴)
240 838 376 882 plausus
407 837 526 871 sectari
557 846 696 881 coeptus
729 845 794 876 est,
828 836 875 868 ibi
910 835 937 868 si
969 836 1056 868 forte
1087 834 1206 880 aliquis

83 898 289 932 audientium
312 913 396 945 quae
421 901 598 932 laudantur
622 897 776 940 Origenis
801 910 871 930 esse
894 896 1207 938 obmurmuraverit,

83 971 124 991 ne
150 961 203 993 vel
229 961 328 994 laude
353 962 472 994 cedant
496 961 666 1004 magistro,
691 960 745 992 vel
769 960 886 1004 culpae
900 959 1038 1005 judicio,
1061 959 1208 991 alienum

86 1033 156 1054 esse
191 1022 373 1065 Origenem
410 1022 569 1054 continuo
602 1030 848 1066 protestantur,
882 1021 965 1053 nihil
993 1020 1056 1053 sibi
1081 1033 1156 1053 curn
1173 1021 1207 1064 ⁵)

85 1080 189 1125 ipsius
213 1083 366 1116 doctrina
389 1096 567 1116 commune
592 1095 661 1115 esse
677 1082 884 1115 confirmant.
923 1082 1107 1115 Anathema
1125 1094 1210 1126 quo-

89 1156 152 1188 que
177 1145 289 1178 dicere
315 1158 390 1178 eum
417 1158 485 1178 non
509 1145 662 1178 dubitant
684 1144 859 1188 improbe,
891 1152 923 1175 et
952 1143 1076 1175 inferre
1106 1143 1210 1176 male-

88 1205 177 1238 dicta
199 1219 268 1238 non
292 1216 451 1251 parcunt;
473 1220 515 1239 ne
539 1207 637 1239 illurn
662 1206 799 1251 quidem
823 1204 1060 1249 Apostolicum
1084 1217 1211 1237 sermo-

88 1279 165 1299 nem
189 1277 352 1308 verentes,
376 1281 442 1313 quo
468 1268 626 1310 designat,
651 1268 729 1313 quia
748 1266 949 1310 maledicifi)
981 1279 1119 1308 regnum
1145 1266 1212 1298 Dei

88 1341 158 1360 non
180 1329 408 1373 possidebunt.
461 1331 500 1362 In
539 1339 667 1362 tantum
697 1339 808 1362 autem
835 1329 979 1368 horum,
1020 1328 1061 1360 de
1091 1327 1212 1372 quibus

89 1402 187 1434 supra
200 1391 233 1435 ⁷)
258 1390 418 1431 diximus,
448 1404 623 1436 progressa
645 1391 771 1424 malitia
796 1400 861 1430 est,
897 1399 933 1422 ut
951 1388 1087 1433 quidam
1111 1390 1210 1422 etiam

92 1451 302 1485 conscribere
326 1453 481 1485 adversus
506 1466 580 1485 eum
606 1453 675 1485 ausi
699 1452 773 1492 sint,
799 1462 831 1484 et
855 1450 978 1484 libellis
1003 1450 1100 1484 editis
1113 1452 1211 1484 dero—

189 1598 219 1641 1)
244 1597 408 1630 Merlinus
440 1610 632 1642 perperam:
664 1598 813 1630 exterius
842 1598 982 1630 valeant
1012 1598 1212 1630 continuare

95 1644 295 1677 calumnias.
318 1643 399 1675 Mss.
424 1642 548 1675 habent
570 1644 765 1684 exercitius,
790 1654 871 1686 pro:
898 1642 1136 1684 eoeercitatius3
1161 1654 1213 1675 ce-

96 1697 164 1720 tera
189 1701 268 1721 vero
292 1696 331 1720 ut
352 1687 387 1720 in
411 1697 511 1720 textu.
534 1688 574 1720 R.

187 1743 221 1788 ²)
247 1743 481 1777 Genebrardus
503 1743 608 1775 male:
635 1744 680 1775 ad
698 1743 940 1786 probationem.
966 1741 1004 1774 R.

188 1800 222 1843 ³)
247 1800 297 1832 lta
320 1799 498 1841 legendum
523 1798 664 1830 videtur.
712 1797 876 1830 Mer-linus
901 1809 998 1829 vero:
1021 1797 1210 1843 μάστιγας.

97 1845 182 1879 Cod.
206 1845 430 1878 sorbonicus:
454 1845 748 1887 Phanyoloedoros
798 1843 909 1875 Ceteri
941 1842 1019 1874 Mss.
1052 1853 1084 1875 et
1115 1844 1213 1877 editi:

95 1890 365 1935 Phaqoloedoros.
390 1890 430 1922 R.

124 1952 145 1973 ι
192 1946 226 1990 ⁴)
251 1946 330 1980 Mss.
355 1944 504 1989 quidam:
531 1944 761 1985 auditoribus,
785 1943 826 1975 al.
851 1943 893 1975 ab
917 1944 1148 1988 auditoribus,
1173 1947 1214 1979 al.

100 1993 301 2025 auditorum.
324 1991 364 2022 R.
398 2011 426 2014 —
456 1989 562 2022 Paulo
587 1998 664 2034 post
686 1989 789 2021 iidem
815 1988 892 2020 Mss.
913 1989 1039 2032 aliquis
1052 1993 1216 2025 acceden-

103 2038 184 2070 tium
208 2049 293 2080 quae
317 2037 503 2069 laudantur
529 2036 687 2079 Oriyevzis
711 2047 780 2067 esse
804 2034 1078 2068 obmurmuravit.
1104 2037 1141 2069 R.

194 2092 226 2136 ⁵)
249 2093 336 2125 Edd.
360 2092 459 2125 Merl.
484 2103 558 2124 cum
580 2092 686 2124 illius.

193 2149 228 2191 6)
253 2147 320 2181 Cfr.
346 2149 359 2181 I
384 2147 468 2181 Cor.-
485 2148 543 2186 VI,
569 2146 620 2181 10.

196 2205 228 2247 7)
253 2204 357 2237 Deest
380 2203 412 2236 in
438 2203 535 2236 editis
559 2204 605 2247 (v.
630 2217 656 2237 c.
682 2205 756 2236 edd.
784 2203 847 2246 Μ.)
871 2215 995 2246 supra,
1027 2213 1059 2236 et
1082 2206 1217 2250 supple-

104 2259 156 2282 tur
181 2262 217 2282 ex
243 2248 322 2282 Mss.
350 2250 387 2281 R.
