1422 2472
359 82 430 109 no
458 74 621 111 omma
646 76 870 111 Aeuom-1⁸10.
1117 73 1183 110 271

44 163 164 199 fers?«
215 164 355 199 Scilicet
381 167 493 201 obfuit
516 167 682 202 Macharii
707 166 924 206 desiderium,
948 172 986 198 ut
1009 164 1076 211 jam
1101 165 1185 198 dixi-

42 241 134 262 mus:
161 229 214 261 vel
238 228 354 274 potius
377 230 471 263 nulla
488 231 551 264 alia
567 231 703 265 videtur
720 230 823 263 fuisse
841 241 950 269 causa,
975 241 1073 272 quam
1089 229 1183 273 quod

41 290 157 324 Rufini
188 290 308 325 Codex
338 291 478 327 unicum
509 293 607 339 hujus
642 292 830 339 Apologiae
869 291 994 323 librum
1033 289 1182 335 primum

42 354 104 386 suh
134 354 274 388 nomine
298 354 472 400 Pamphili
496 355 650 402 martyris
684 354 884 390 contineret.
931 352 1031 386 Certe
1055 353 1116 387 lib.
1139 353 1182 386 ΙΙ.

42 416 171 454 advers.
195 417 356 450 Rufinum
389 418 514 451 fatetur
543 418 615 464 ipse
640 418 886 464 Hieronymus,
918 429 953 450 se
987 415 1116 449 »istum
1143 415 1184 448 li-

41 479 153 521 brum,
178 479 236 526 qui
261 480 322 514 sub
339 481 478 514 nomine
491 480 664 527 Pamphili
680 481 864 520 ferebatur,
887 478 1011 512 vidisse
1035 479 1184 525 primum

43 542 205 588 scriptum
236 542 270 576 in
305 543 434 578 Codice
466 543 600 585 Rufini,
634 553 667 577 et
699 543 777 589 quia
807 556 878 577 non
909 551 979 576 crat
1011 541 1043 575 ei
1074 555 1184 582 curae,

43 605 125 651 quid
148 619 212 651 pro
238 606 408 641 haeretico
433 607 620 649 diceretur,
650 607 698 641 sic
722 620 857 652 semper
881 604 1052 646 habuisse,
1090 605 1184 650 quasi

45 667 218 702 diversum
251 680 335 705 esset
367 683 452 716 opus
484 669 656 716 Pamphili
688 678 722 703 et
744 668 931 703 Eusebii2«
970 677 1003 701 et
1036 667 1095 700 lib.
1122 667 1185 701 III.

42 731 105 772 ait,
137 745 171 765 se
207 745 225 766 a
249 733 376 767 Rufino
410 734 604 779 »exemplar
632 732 730 780 hujus
762 730 982 773 voluminis‚«
1011 730 1104 775 (non
1128 742 1184 763 sex

42 794 280 842 voluminum)
310 795 413 830 fuisse
448 803 707 829 »mutuatum«
762 794 821 828 IV.
859 792 990 840 Objicit
1014 792 1184 839 Hierony-

40 869 115 891 mus
139 857 224 892 nihil
247 859 384 905 proprii
409 858 522 905 operis
546 856 765 904 Pamphilum
790 856 971 902 scripsisse.
1023 856 1086 889 »Et
1110 855 1183 901 ipse

41 921 179 968 quidem
214 921 349 968 proprii
389 921 520 969 operis,
559 921 670 967 inquit
702 920 760 954 lib.
782 920 810 954 I.
849 920 976 954 advers.
1009 919 1183 960 Rufinum,

40 984 128 1017 nihil
153 984 295 1018 omnino
320 985 472 1031 scripsit,
505 984 653 1030 exceptis
679 983 850 1029 epistolis,
885 995 965 1028 quas
990 982 1032 1015 ad
1056 981 1183 1015 amicos

41 1047 131 1080 forte
155 1047 330 1088 mittebat,
362 1048 396 1080 in
422 1057 551 1081 tantum
576 1061 610 1080 se
635 1046 829 1079 humilitate
855 1044 1033 1090 dejecerat.
1083 1045 1184 1078 Vete-

42 1123 119 1143 rum
143 1120 256 1143 autem
282 1119 442 1144 tractatus
467 1110 686 1155 Scriptorum
709 1108 842 1151 legebat
867 1107 1125 1148 studiosissime,
1151 1116 1183 1139 et

41 1173 77 1206 in
103 1186 223 1207 eorum
245 1173 468 1207 meditatione
504 1173 626 1220 jugiter
656 1172 862 1206 versabatur.
909 1170 1080 1204 Defensor
1105 1170 1185 1204 Ori-

41 1237 151 1280 genis,
191 1246 224 1270 et
259 1236 464 1282 laudator¹)
501 1235 689 1281 Pamphili,
728 1234 812 1267 dicit
842 1232 1062 1279 Pamphilum
1096 1232 1180 1266 nihil

43 1299 183 1332 omnino
215 1299 407 1345 scripsisse,
437 1311 500 1332 nec
523 1297 655 1344 proprii
690 1297 875 1343 quidquam
901 1296 1092 1330 condidisse
1116 1308 1184 1329 ser—

39 1361 169 1395 monis:
205 1371 239 1395 et
270 1362 338 1394 hoc
370 1359 470 1402 dicit,
503 1359 570 1407 jam
595 1359 778 1406 Pamphilo
812 1358 974 1406 martyrio
1007 1367 1184 1400 coronato,

39 1438 83 1459 ne
107 1425 228 1459 habeas
263 1424 449 1467 suffugium
473 1433 556 1469 post
589 1423 698 1457 editos
730 1423 773 1456 ab
797 1421 946 1455 Eusebio
978 1422 1085 1456 libros
1117 1421 1183 1454 hoc

41 1488 266 1534 Pamphilum
298 1486 510 1533 scripsisse.«
565 1487 634 1521 Sed
664 1486 775 1520 nodus
805 1485 860 1519 hic
892 1498 1055 1531 perquam
1085 1483 1185 1517 facile

43 1560 181 1597 poterat
204 1563 223 1584 a
245 1550 373 1584 Rufino
398 1549 498 1584 solvi.
546 1549 684 1595 Quippe
708 1548 889 1595 proprium
903 1546 1074 1593 Pamphili
1099 1559 1184 1592 opus

42 1612 289 1659 Apologeticus
316 1612 376 1646 ille
402 1612 470 1646 dici
493 1625 563 1646 non
587 1611 722 1653 debuit,
747 1624 848 1657 quem
878 1611 1033 1652 alterius,
1061 1623 1184 1655 nempe

40 1675 182 1710 Eusebii
207 1688 311 1721 opera
335 1674 469 1722 adjutus
495 1673 691 1708 elaboravit.
740 1674 818 1708 Huc
843 1674 949 1715 adde,
975 1673 1069 1718 quod
1092 1681 1184 1706 totus

41 1737 102 1772 ille
140 1747 271 1773 constat
303 1738 388 1773 locis
425 1737 581 1781 Origenis
621 1751 660 1771 ex
694 1736 792 1770 variis
831 1736 900 1783 ejus
936 1735 1097 1781 operibus
1133 1749 1188 1769 ex-

43 1800 187 1846 cerptis,
216 1800 246 1834 si
276 1802 383 1835 modo
417 1800 587 1846 exceperis
619 1799 770 1841 initium,
805 1799 899 1846 quod
930 1798 1046 1844 aliquo
1077 1800 1184 1832 modo

42 1863 127 1897 nihil
158 1863 251 1897 aliud
275 1873 324 1898 est
349 1877 449 1910 quam
482 1863 628 1910 epistola
659 1864 702 1897 ad
728 1863 951 1896 Confessores
982 1862 1026 1894 ad
1049 1861 1187 1895 metalla

44 1926 237 1959 damnatos:
275 1940 313 1961 ac
351 1927 498 1973 proinde
535 1935 652 1972 potest
690 1925 779 1960 inter
813 1923 986 1970 Pamphili
1026 1924 1185 1970 epistolas

46 1989 163 2022 locum
189 1988 354 2024 obtinere.
400 1990 441 2027 V,
479 1989 599 2030 »Date,
624 1989 733 2035 inquit
757 1987 989 2034 Hieronymus
1016 1986 1114 2032 epist.
1132 1987 1186 2021 65.

45 2051 88 2084 ad
112 2050 366 2085 Pammachium
390 2061 424 2086 et
447 2052 636 2093 Oceanum,
662 2051 845 2098 quodlibet
868 2050 963 2084 aliud
988 2062 1076 2094 opus
1088 2049 1188 2082 Pam—

45 2112 143 2159 p-hili.
191 2113 365 2160 Nusquam
389 2115 577 2161 reperietis.
621 2115 699 2148 Hoc
723 2127 830 2147 unum
857 2122 915 2148 est.
963 2111 1063 2145 Unde
1088 2111 1189 2155 igitur

45 2176 167 2217 sciam,
200 2177 294 2222 quod
317 2177 490 2223 Pamphili
513 2178 580 2213 sit?
625 2176 796 2213 Videlicet
819 2175 916 2210 stilus
941 2184 975 2209 et
998 2174 1102 2210 saliva
1124 2175 1186 2208 do-

139 2300 173 2346 ¹)
199 2301 268 2337 Cfr.
292 2301 414 2336 Euseb.
441 2301 499 2337 lib.
519 2302 580 2338 Ill.
607 2304 647 2337 de
673 2302 739 2338 vita
763 2300 947 2348 Pamphili.
