<?xml version="1.0" encoding="UTF-8"?>
<!DOCTYPE html PUBLIC "-//W3C//DTD XHTML 1.0 Transitional//EN"
    "http://www.w3.org/TR/xhtml1/DTD/xhtml1-transitional.dtd">
<html xmlns="http://www.w3.org/1999/xhtml" xml:lang="en" lang="en">
 <head>
  <title>
</title>
<meta http-equiv="Content-Type" content="text/html;charset=utf-8" />
  <meta name='ocr-system' content='tesseract 3.04.00' />
  <meta name='ocr-capabilities' content='ocr_page ocr_carea ocr_par ocr_line ocrx_word'/>
</head>
<body>
  <div class='ocr_page' id='page_1' title='image "./operaomniaquaegr24orig/operaomniaquaegr24orig_0245.png"; bbox 0 0 1422 2472; ppageno 0'>
   <div class='ocr_carea' id='block_1_1' title="bbox 354 97 1192 133">
    <p class='ocr_par' dir='ltr' id='par_1_1' title="bbox 354 97 1192 133">
     <span class='ocr_line' id='line_1_1' title="bbox 354 97 1192 133; baseline 0.006 -5"><span class='ocrx_word' id='word_1_1' title='bbox 354 97 668 130; x_wconf 68' lang='lat' dir='ltr'><strong>ORIGEMANORUM</strong></span> <span class='ocrx_word' id='word_1_2' title='bbox 693 97 806 130; x_wconf 65' lang='lat' dir='ltr'>Lmen</span> <span class='ocrx_word' id='word_1_3' title='bbox 834 97 892 130; x_wconf 70' lang='lat'>131.</span> <span class='ocrx_word' id='word_1_4' title='bbox 1130 97 1192 133; x_wconf 84' lang='lat'>231</span> 
     </span>
    </p>
   </div>
   <div class='ocr_carea' id='block_1_2' title="bbox 48 184 1191 1584">
    <p class='ocr_par' dir='ltr' id='par_1_2' title="bbox 48 184 1191 1526">
     <span class='ocr_line' id='line_1_2' title="bbox 57 184 1191 231; baseline 0.004 -15"><span class='ocrx_word' id='word_1_5' title='bbox 57 184 311 226; x_wconf 85' lang='lat' dir='ltr'>intelligendum</span> <span class='ocrx_word' id='word_1_6' title='bbox 337 195 397 226; x_wconf 89' lang='lat' dir='ltr'>est,</span> <span class='ocrx_word' id='word_1_7' title='bbox 420 199 489 218; x_wconf 90' lang='lat' dir='ltr'>non</span> <span class='ocrx_word' id='word_1_8' title='bbox 503 186 583 231; x_wconf 69' lang='lat' dir='ltr'>Tyri</span> <span class='ocrx_word' id='word_1_9' title='bbox 600 187 710 219; x_wconf 88' lang='lat' dir='ltr'>solum</span> <span class='ocrx_word' id='word_1_10' title='bbox 738 199 774 218; x_wconf 88' lang='lat' dir='ltr'>ea</span> <span class='ocrx_word' id='word_1_11' title='bbox 793 186 980 219; x_wconf 74' lang='lat' dir='ltr'><strong>elaborasse</strong></span> <span class='ocrx_word' id='word_1_12' title='bbox 997 186 1191 229; x_wconf 83' lang='lat' dir='ltr'>Origenem,</span> 
     </span>
     <span class='ocr_line' id='line_1_3' title="bbox 54 245 1188 292; baseline 0.003 -14"><span class='ocrx_word' id='word_1_13' title='bbox 54 246 112 279; x_wconf 80' lang='lat' dir='ltr'>sed</span> <span class='ocrx_word' id='word_1_14' title='bbox 144 245 177 278; x_wconf 92' lang='lat' dir='ltr'>in</span> <span class='ocrx_word' id='word_1_15' title='bbox 208 245 248 279; x_wconf 81' lang='lat' dir='ltr'>iis</span> <span class='ocrx_word' id='word_1_16' title='bbox 284 246 385 279; x_wconf 87' lang='lat' dir='ltr'>etiam</span> <span class='ocrx_word' id='word_1_17' title='bbox 417 247 518 286; x_wconf 89' lang='lat' dir='ltr'>locis,</span> <span class='ocrx_word' id='word_1_18' title='bbox 557 248 588 280; x_wconf 86' lang='lat' dir='ltr'>in</span> <span class='ocrx_word' id='word_1_19' title='bbox 626 247 746 292; x_wconf 87' lang='lat' dir='ltr'>quibus</span> <span class='ocrx_word' id='word_1_20' title='bbox 780 257 858 280; x_wconf 86' lang='lat' dir='ltr'>octo</span> <span class='ocrx_word' id='word_1_21' title='bbox 896 258 929 280; x_wconf 84' lang='lat' dir='ltr'>et</span> <span class='ocrx_word' id='word_1_22' title='bbox 963 248 1077 290; x_wconf 82' lang='lat' dir='ltr'>viginti</span> <span class='ocrx_word' id='word_1_23' title='bbox 1113 259 1188 281; x_wconf 82' lang='lat' dir='ltr'>ante</span> 
     </span>
     <span class='ocr_line' id='line_1_4' title="bbox 54 307 1188 354; baseline 0.003 -15"><span class='ocrx_word' id='word_1_24' title='bbox 54 317 198 340; x_wconf 84' lang='lat' dir='ltr'>mortem</span> <span class='ocrx_word' id='word_1_25' title='bbox 224 307 317 340; x_wconf 85' lang='lat' dir='ltr'>annis</span> <span class='ocrx_word' id='word_1_26' title='bbox 343 318 489 340; x_wconf 81' lang='lat' dir='ltr'>versatus</span> <span class='ocrx_word' id='word_1_27' title='bbox 515 317 574 346; x_wconf 90' lang='lat' dir='ltr'>est,</span> <span class='ocrx_word' id='word_1_28' title='bbox 600 321 684 353; x_wconf 85' lang='lat' dir='ltr'>quos</span> <span class='ocrx_word' id='word_1_29' title='bbox 701 308 781 354; x_wconf 73' lang='lat' dir='ltr'>Tyri</span> <span class='ocrx_word' id='word_1_30' title='bbox 800 319 983 341; x_wconf 84' lang='lat' dir='ltr'>transactos</span> <span class='ocrx_word' id='word_1_31' title='bbox 1007 321 1188 354; x_wconf 77' lang='lat' dir='ltr'>perperam</span> 
     </span>
     <span class='ocr_line' id='line_1_5' title="bbox 51 368 1186 415; baseline 0.003 -14"><span class='ocrx_word' id='word_1_32' title='bbox 51 368 263 413; x_wconf 71' lang='lat' dir='ltr'>Epiphanius</span> <span class='ocrx_word' id='word_1_33' title='bbox 289 369 441 403; x_wconf 91' lang='lat' dir='ltr'>credidit.</span> <span class='ocrx_word' id='word_1_34' title='bbox 489 369 621 402; x_wconf 89' lang='lat' dir='ltr'>Firmat</span> <span class='ocrx_word' id='word_1_35' title='bbox 645 379 794 403; x_wconf 84' lang='lat' dir='ltr'>nostram</span> <span class='ocrx_word' id='word_1_36' title='bbox 820 370 1067 415; x_wconf 81' lang='lat' dir='ltr'>conjecturam,</span> <span class='ocrx_word' id='word_1_37' title='bbox 1093 372 1186 415; x_wconf 87' lang='lat' dir='ltr'>quod</span> 
     </span>
     <span class='ocr_line' id='line_1_6' title="bbox 51 429 1187 478; baseline 0.004 -16"><span class='ocrx_word' id='word_1_38' title='bbox 51 429 97 463; x_wconf 85' lang='lat' dir='ltr'>ait</span> <span class='ocrx_word' id='word_1_39' title='bbox 121 430 287 463; x_wconf 80' lang='lat' dir='ltr'>Eusebius</span> <span class='ocrx_word' id='word_1_40' title='bbox 313 431 386 464; x_wconf 84' lang='lat' dir='ltr'><strong>libr.</strong></span> <span class='ocrx_word' id='word_1_41' title='bbox 406 431 463 464; x_wconf 86' lang='lat' dir='ltr'>Vl.</span> <span class='ocrx_word' id='word_1_42' title='bbox 495 431 623 466; x_wconf 86' lang='lat' dir='ltr'>Histor.</span> <span class='ocrx_word' id='word_1_43' title='bbox 658 445 728 476; x_wconf 90' lang='lat' dir='ltr'>cap.</span> <span class='ocrx_word' id='word_1_44' title='bbox 757 432 826 472; x_wconf 88' lang='grc'>17.,</span> <span class='ocrx_word' id='word_1_45' title='bbox 860 433 1054 478; x_wconf 81' lang='lat' dir='ltr'>Symmachi</span> <span class='ocrx_word' id='word_1_46' title='bbox 1085 432 1187 466; x_wconf 88' lang='lat' dir='ltr'>inter-</span> 
     </span>
     <span class='ocr_line' id='line_1_7' title="bbox 51 492 1186 538; baseline 0.004 -14"><span class='ocrx_word' id='word_1_47' title='bbox 51 492 277 536; x_wconf 72' lang='lat' dir='ltr'>pretationem</span> <span class='ocrx_word' id='word_1_48' title='bbox 313 492 346 524; x_wconf 90' lang='lat' dir='ltr'>in</span> <span class='ocrx_word' id='word_1_49' title='bbox 372 492 525 525; x_wconf 82' lang='lat' dir='ltr'>Julianae</span> <span class='ocrx_word' id='word_1_50' title='bbox 557 493 772 526; x_wconf 80' lang='lat' dir='ltr'>Bibliotheca</span> <span class='ocrx_word' id='word_1_51' title='bbox 798 493 981 535; x_wconf 88' lang='lat' dir='ltr'>Origenem</span> <span class='ocrx_word' id='word_1_52' title='bbox 1011 494 1186 538; x_wconf 85' lang='lat' dir='ltr'>reperisse.</span> 
     </span>
     <span class='ocr_line' id='line_1_8' title="bbox 52 554 1186 600; baseline 0.002 -14"><span class='ocrx_word' id='word_1_53' title='bbox 52 554 214 586; x_wconf 71' lang='lat' dir='ltr'>Nondum</span> <span class='ocrx_word' id='word_1_54' title='bbox 238 554 350 598; x_wconf 87' lang='lat' dir='ltr'>itaque</span> <span class='ocrx_word' id='word_1_55' title='bbox 366 554 527 599; x_wconf 77' lang='lat' dir='ltr'>Hexapla,</span> <span class='ocrx_word' id='word_1_56' title='bbox 554 555 607 587; x_wconf 86' lang='lat' dir='ltr'>vel</span> <span class='ocrx_word' id='word_1_57' title='bbox 621 556 782 599; x_wconf 82' lang='lat' dir='ltr'>Tetrapla</span> <span class='ocrx_word' id='word_1_58' title='bbox 807 555 1075 595; x_wconf 76' lang='lat' dir='ltr'>concinnaverat,</span> <span class='ocrx_word' id='word_1_59' title='bbox 1101 569 1186 600; x_wconf 91' lang='lat' dir='ltr'>quo—</span> 
     </span>
     <span class='ocr_line' id='line_1_9' title="bbox 51 616 1184 662; baseline 0.002 -16"><span class='ocrx_word' id='word_1_60' title='bbox 51 628 126 647; x_wconf 85' lang='lat' dir='ltr'>rum</span> <span class='ocrx_word' id='word_1_61' title='bbox 157 628 232 659; x_wconf 88' lang='lat' dir='ltr'>pars</span> <span class='ocrx_word' id='word_1_62' title='bbox 263 628 379 657; x_wconf 84' lang='lat' dir='ltr'>magna</span> <span class='ocrx_word' id='word_1_63' title='bbox 410 616 474 648; x_wconf 80' lang='lat' dir='ltr'>fuit</span> <span class='ocrx_word' id='word_1_64' title='bbox 506 617 697 662; x_wconf 81' lang='lat' dir='ltr'>Symmachi</span> <span class='ocrx_word' id='word_1_65' title='bbox 734 616 979 660; x_wconf 80' lang='lat' dir='ltr'>interpretatio.</span> <span class='ocrx_word' id='word_1_66' title='bbox 1035 616 1184 649; x_wconf 89' lang='lat' dir='ltr'>Eusebio</span> 
     </span>
     <span class='ocr_line' id='line_1_10' title="bbox 50 676 1184 722; baseline 0.003 -13"><span class='ocrx_word' id='word_1_67' title='bbox 50 677 169 709; x_wconf 89' lang='lat' dir='ltr'>itidem</span> <span class='ocrx_word' id='word_1_68' title='bbox 194 677 418 721; x_wconf 82' lang='lat' dir='ltr'>adstipulatur</span> <span class='ocrx_word' id='word_1_69' title='bbox 440 677 662 722; x_wconf 80' lang='lat' dir='ltr'>Epiphanius,</span> <span class='ocrx_word' id='word_1_70' title='bbox 688 677 834 710; x_wconf 85' lang='lat' dir='ltr'>scribens</span> <span class='ocrx_word' id='word_1_71' title='bbox 858 677 959 710; x_wconf 76' lang='lat' dir='ltr'>Haer.</span> <span class='ocrx_word' id='word_1_72' title='bbox 974 676 1027 711; x_wconf 78' lang='grc'>64.</span> <span class='ocrx_word' id='word_1_73' title='bbox 1055 690 1126 722; x_wconf 87' lang='lat' dir='ltr'>cap.</span> <span class='ocrx_word' id='word_1_74' title='bbox 1141 677 1184 718; x_wconf 87' lang='grc'>3.,</span> 
     </span>
     <span class='ocr_line' id='line_1_11' title="bbox 50 737 1185 784; baseline -0.002 -12"><span class='ocrx_word' id='word_1_75' title='bbox 50 737 233 780; x_wconf 82' lang='lat' dir='ltr'>Origenem</span> <span class='ocrx_word' id='word_1_76' title='bbox 257 739 509 782; x_wconf 78' lang='lat' dir='ltr'>lucubrationes</span> <span class='ocrx_word' id='word_1_77' title='bbox 533 752 606 772; x_wconf 83' lang='lat' dir='ltr'>suas</span> <span class='ocrx_word' id='word_1_78' title='bbox 631 739 664 771; x_wconf 90' lang='lat' dir='ltr'>in</span> <span class='ocrx_word' id='word_1_79' title='bbox 687 739 909 784; x_wconf 88' lang='lat' dir='ltr'>Scripturam,</span> <span class='ocrx_word' id='word_1_80' title='bbox 936 738 1086 783; x_wconf 90' lang='lat' dir='ltr'>impulsu</span> <span class='ocrx_word' id='word_1_81' title='bbox 1103 741 1185 771; x_wconf 86' lang='lat' dir='ltr'>Am-</span> 
     </span>
     <span class='ocr_line' id='line_1_12' title="bbox 49 799 1183 846; baseline 0.001 -14"><span class='ocrx_word' id='word_1_82' title='bbox 49 800 156 833; x_wconf 85' lang='lat' dir='ltr'>brosii</span> <span class='ocrx_word' id='word_1_83' title='bbox 179 810 358 845; x_wconf 88' lang='lat' dir='ltr'>susceptas,</span> <span class='ocrx_word' id='word_1_84' title='bbox 383 802 424 833; x_wconf 88' lang='lat' dir='ltr'>ab</span> <span class='ocrx_word' id='word_1_85' title='bbox 449 801 610 846; x_wconf 80' lang='lat' dir='ltr'>Hexaplis</span> <span class='ocrx_word' id='word_1_86' title='bbox 634 801 736 833; x_wconf 84' lang='lat' dir='ltr'>fuisse</span> <span class='ocrx_word' id='word_1_87' title='bbox 761 800 986 845; x_wconf 84' lang='lat' dir='ltr'>auspicatum:</span> <span class='ocrx_word' id='word_1_88' title='bbox 1014 799 1052 835; x_wconf 72' lang='grc' dir='ltr'>τὸ</span> <span class='ocrx_word' id='word_1_89' title='bbox 1078 802 1183 844; x_wconf 75' lang='grc' dir='ltr'><em>πρῶ-</em></span> 
     </span>
     <span class='ocr_line' id='line_1_13' title="bbox 50 861 1185 909; baseline 0 -13"><span class='ocrx_word' id='word_1_90' title='bbox 50 875 131 906; x_wconf 79' lang='grc' dir='ltr'>τον,</span> <span class='ocrx_word' id='word_1_91' title='bbox 159 861 285 907; x_wconf 86' lang='lat' dir='ltr'>inquit,</span> <span class='ocrx_word' id='word_1_92' title='bbox 311 863 421 898; x_wconf 73' lang='grc' dir='ltr'><em>αὑτοῦ</em></span> <span class='ocrx_word' id='word_1_93' title='bbox 447 864 625 908; x_wconf 74' lang='grc' dir='ltr'>ἐπιμελῶς</span> <span class='ocrx_word' id='word_1_94' title='bbox 650 861 933 909; x_wconf 46' lang='grc' dir='ltr'>ἐφιλοτιμήσατο</span> <span class='ocrx_word' id='word_1_95' title='bbox 959 866 1185 907; x_wconf 79' lang='grc' dir='ltr'><em>συναγαγεῖν</em></span> 
     </span>
     <span class='ocr_line' id='line_1_14' title="bbox 48 923 1183 970; baseline -0.002 -12"><span class='ocrx_word' id='word_1_96' title='bbox 48 925 120 958; x_wconf 74' lang='grc' dir='ltr'>τῶν</span> <span class='ocrx_word' id='word_1_97' title='bbox 157 923 193 964; x_wconf 73' lang='grc' dir='ltr'>ἓξ</span> <span class='ocrx_word' id='word_1_98' title='bbox 229 925 442 970; x_wconf 74' lang='grc' dir='ltr'>ἑρμηνειῶν.</span> <span class='ocrx_word' id='word_1_99' title='bbox 500 925 605 969; x_wconf 85' lang='lat' dir='ltr'>Atqui</span> <span class='ocrx_word' id='word_1_100' title='bbox 644 933 724 957; x_wconf 88' lang='lat' dir='ltr'>tunc</span> <span class='ocrx_word' id='word_1_101' title='bbox 761 924 925 969; x_wconf 84' lang='lat' dir='ltr'>temporis</span> <span class='ocrx_word' id='word_1_102' title='bbox 960 923 1183 957; x_wconf 74' lang='lat' dir='ltr'>Alexandriae</span> 
     </span>
     <span class='ocr_line' id='line_1_15' title="bbox 50 985 1183 1031; baseline 0 -14"><span class='ocrx_word' id='word_1_103' title='bbox 50 987 252 1019; x_wconf 82' lang='lat' dir='ltr'>versabatur.</span> <span class='ocrx_word' id='word_1_104' title='bbox 288 985 516 1030; x_wconf 85' lang='lat' dir='ltr'>Retorquebit</span> <span class='ocrx_word' id='word_1_105' title='bbox 538 996 770 1028; x_wconf 82' lang='lat' dir='ltr'>argumentum</span> <span class='ocrx_word' id='word_1_106' title='bbox 797 986 929 1031; x_wconf 84' lang='lat' dir='ltr'>aliquis,</span> <span class='ocrx_word' id='word_1_107' title='bbox 955 995 988 1018; x_wconf 87' lang='lat' dir='ltr'>et</span> <span class='ocrx_word' id='word_1_108' title='bbox 1012 985 1101 1018; x_wconf 90' lang='lat' dir='ltr'>dicet</span> <span class='ocrx_word' id='word_1_109' title='bbox 1117 985 1183 1018; x_wconf 86' lang='lat' dir='ltr'>hoc</span> 
     </span>
     <span class='ocr_line' id='line_1_16' title="bbox 49 1047 1180 1092; baseline -0.001 -12"><span class='ocrx_word' id='word_1_110' title='bbox 49 1057 205 1092; x_wconf 89' lang='lat' dir='ltr'>tempore</span> <span class='ocrx_word' id='word_1_111' title='bbox 229 1060 283 1080; x_wconf 83' lang='lat' dir='ltr'>sex</span> <span class='ocrx_word' id='word_1_112' title='bbox 308 1047 603 1092; x_wconf 83' lang='lat' dir='ltr'>interpretationes</span> <span class='ocrx_word' id='word_1_113' title='bbox 637 1047 670 1080; x_wconf 90' lang='lat' dir='ltr'>in</span> <span class='ocrx_word' id='word_1_114' title='bbox 702 1061 808 1080; x_wconf 88' lang='lat' dir='ltr'>unum</span> <span class='ocrx_word' id='word_1_115' title='bbox 834 1047 995 1089; x_wconf 83' lang='lat' dir='ltr'>colligere</span> <span class='ocrx_word' id='word_1_116' title='bbox 1026 1060 1097 1079; x_wconf 91' lang='lat' dir='ltr'>non</span> <span class='ocrx_word' id='word_1_117' title='bbox 1120 1060 1180 1091; x_wconf 88' lang='lat' dir='ltr'>po-</span> 
     </span>
     <span class='ocr_line' id='line_1_17' title="bbox 50 1107 1183 1153; baseline 0 -13"><span class='ocrx_word' id='word_1_118' title='bbox 50 1109 152 1141; x_wconf 86' lang='lat' dir='ltr'>tuisse</span> <span class='ocrx_word' id='word_1_119' title='bbox 169 1108 363 1150; x_wconf 87' lang='lat' dir='ltr'>Origenem,</span> <span class='ocrx_word' id='word_1_120' title='bbox 387 1107 445 1152; x_wconf 88' lang='lat' dir='ltr'>qui</span> <span class='ocrx_word' id='word_1_121' title='bbox 469 1107 571 1140; x_wconf 86' lang='lat' dir='ltr'>etiam</span> <span class='ocrx_word' id='word_1_122' title='bbox 595 1118 666 1141; x_wconf 78' lang='lat' dir='ltr'>tum</span> <span class='ocrx_word' id='word_1_123' title='bbox 683 1108 877 1153; x_wconf 78' lang='lat' dir='ltr'>Symmachi</span> <span class='ocrx_word' id='word_1_124' title='bbox 894 1108 1183 1152; x_wconf 82' lang='lat' dir='ltr'>interpretatione,</span> 
     </span>
     <span class='ocr_line' id='line_1_18' title="bbox 51 1169 1183 1214; baseline -0.002 -11"><span class='ocrx_word' id='word_1_125' title='bbox 51 1179 85 1203; x_wconf 90' lang='lat' dir='ltr'>et</span> <span class='ocrx_word' id='word_1_126' title='bbox 117 1169 266 1202; x_wconf 89' lang='lat' dir='ltr'>editione</span> <span class='ocrx_word' id='word_1_127' title='bbox 296 1178 386 1202; x_wconf 79' lang='lat' dir='ltr'>sexta</span> <span class='ocrx_word' id='word_1_128' title='bbox 416 1179 554 1202; x_wconf 84' lang='lat' dir='ltr'>careret.</span> <span class='ocrx_word' id='word_1_129' title='bbox 604 1170 826 1214; x_wconf 86' lang='lat' dir='ltr'>Respondeo,</span> <span class='ocrx_word' id='word_1_130' title='bbox 860 1170 1092 1213; x_wconf 83' lang='lat' dir='ltr'>Hexaplorum</span> <span class='ocrx_word' id='word_1_131' title='bbox 1125 1181 1183 1201; x_wconf 92' lang='lat' dir='ltr'>co-</span> 
     </span>
     <span class='ocr_line' id='line_1_19' title="bbox 50 1230 1182 1275; baseline -0.002 -10"><span class='ocrx_word' id='word_1_132' title='bbox 50 1233 332 1275; x_wconf 83' lang='lat' dir='ltr'>agmentationem</span> <span class='ocrx_word' id='word_1_133' title='bbox 371 1241 483 1263; x_wconf 88' lang='lat' dir='ltr'>mente</span> <span class='ocrx_word' id='word_1_134' title='bbox 524 1231 767 1275; x_wconf 84' lang='lat' dir='ltr'>praeformasse</span> <span class='ocrx_word' id='word_1_135' title='bbox 804 1230 933 1275; x_wconf 87' lang='lat' dir='ltr'>ipsum,</span> <span class='ocrx_word' id='word_1_136' title='bbox 980 1244 1057 1263; x_wconf 89' lang='lat' dir='ltr'>cum</span> <span class='ocrx_word' id='word_1_137' title='bbox 1097 1239 1182 1263; x_wconf 82' lang='lat' dir='ltr'>esset</span> 
     </span>
     <span class='ocr_line' id='line_1_20' title="bbox 51 1293 1181 1337; baseline -0.002 -11"><span class='ocrx_word' id='word_1_138' title='bbox 51 1293 288 1332; x_wconf 83' lang='lat' dir='ltr'>Alexandriae,</span> <span class='ocrx_word' id='word_1_139' title='bbox 310 1306 379 1325; x_wconf 89' lang='lat' dir='ltr'>non</span> <span class='ocrx_word' id='word_1_140' title='bbox 402 1293 474 1337; x_wconf 88' lang='lat' dir='ltr'>ipsa</span> <span class='ocrx_word' id='word_1_141' title='bbox 500 1301 765 1333; x_wconf 79' lang='lat' dir='ltr'>coagmentasse,</span> <span class='ocrx_word' id='word_1_142' title='bbox 792 1305 869 1324; x_wconf 93' lang='lat' dir='ltr'>cum</span> <span class='ocrx_word' id='word_1_143' title='bbox 893 1293 1045 1325; x_wconf 90' lang='lat' dir='ltr'>nondum</span> <span class='ocrx_word' id='word_1_144' title='bbox 1071 1306 1181 1325; x_wconf 85' lang='lat' dir='ltr'>exem-</span> 
     </span>
     <span class='ocr_line' id='line_1_21' title="bbox 49 1353 1180 1400; baseline -0.001 -13"><span class='ocrx_word' id='word_1_145' title='bbox 49 1355 157 1400; x_wconf 83' lang='lat' dir='ltr'>plaria</span> <span class='ocrx_word' id='word_1_146' title='bbox 180 1355 319 1387; x_wconf 88' lang='lat' dir='ltr'>haberet</span> <span class='ocrx_word' id='word_1_147' title='bbox 343 1355 385 1388; x_wconf 85' lang='lat' dir='ltr'>ad</span> <span class='ocrx_word' id='word_1_148' title='bbox 408 1367 556 1393; x_wconf 89' lang='lat' dir='ltr'>manum,</span> <span class='ocrx_word' id='word_1_149' title='bbox 581 1354 639 1385; x_wconf 89' lang='lat' dir='ltr'>sed</span> <span class='ocrx_word' id='word_1_150' title='bbox 663 1353 728 1398; x_wconf 83' lang='lat' dir='ltr'>jam</span> <span class='ocrx_word' id='word_1_151' title='bbox 746 1354 824 1386; x_wconf 88' lang='lat' dir='ltr'>inde</span> <span class='ocrx_word' id='word_1_152' title='bbox 843 1353 922 1399; x_wconf 90' lang='lat' dir='ltr'>ipsis</span> <span class='ocrx_word' id='word_1_153' title='bbox 943 1353 1180 1396; x_wconf 83' lang='lat' dir='ltr'>investigandis</span> 
     </span>
     <span class='ocr_line' id='line_1_22' title="bbox 51 1414 1181 1463; baseline -0.001 -12"><span class='ocrx_word' id='word_1_154' title='bbox 51 1431 189 1463; x_wconf 86' lang='lat' dir='ltr'>operam</span> <span class='ocrx_word' id='word_1_155' title='bbox 214 1416 357 1450; x_wconf 86' lang='lat' dir='ltr'>dedisse.</span> <span class='ocrx_word' id='word_1_156' title='bbox 407 1417 520 1461; x_wconf 89' lang='lat' dir='ltr'>ltaque</span> <span class='ocrx_word' id='word_1_157' title='bbox 551 1429 618 1448; x_wconf 90' lang='lat' dir='ltr'>non</span> <span class='ocrx_word' id='word_1_158' title='bbox 651 1415 734 1448; x_wconf 84' lang='lat' dir='ltr'>dicit</span> <span class='ocrx_word' id='word_1_159' title='bbox 757 1414 984 1460; x_wconf 84' lang='lat' dir='ltr'>Epiphanius:</span> <span class='ocrx_word' id='word_1_160' title='bbox 1018 1414 1181 1461; x_wconf 71' lang='grc' dir='ltr'><em>συνήγα-</em></span> 
     </span>
     <span class='ocr_line' id='line_1_23' title="bbox 50 1477 805 1526; baseline -0.001 -13"><span class='ocrx_word' id='word_1_161' title='bbox 50 1492 133 1526; x_wconf 73' lang='grc' dir='ltr'>γεν,</span> <span class='ocrx_word' id='word_1_162' title='bbox 157 1480 233 1512; x_wconf 90' lang='lat' dir='ltr'>sed:</span> <span class='ocrx_word' id='word_1_163' title='bbox 259 1477 542 1524; x_wconf 43' lang='lat' dir='ltr'>&amp;testorqwjomo</span> <span class='ocrx_word' id='word_1_164' title='bbox 569 1481 805 1522; x_wconf 77' lang='grc' dir='ltr'>συναγαγεῖν.</span> 
     </span>
    </p>

    <p class='ocr_par' dir='ltr' id='par_1_3' title="bbox 138 1538 1182 1584">
     <span class='ocr_line' id='line_1_24' title="bbox 138 1538 1182 1584; baseline -0.004 -10"><span class='ocrx_word' id='word_1_165' title='bbox 138 1541 295 1574; x_wconf 86' lang='lat' dir='ltr'>Perfecto</span> <span class='ocrx_word' id='word_1_166' title='bbox 313 1540 342 1584; x_wconf 89' lang='lat'>¹)</span> <span class='ocrx_word' id='word_1_167' title='bbox 368 1539 599 1583; x_wconf 81' lang='lat' dir='ltr'>Hexaplorum</span> <span class='ocrx_word' id='word_1_168' title='bbox 626 1551 740 1582; x_wconf 83' lang='lat' dir='ltr'>opere,</span> <span class='ocrx_word' id='word_1_169' title='bbox 765 1548 803 1571; x_wconf 93' lang='lat' dir='ltr'>ut</span> <span class='ocrx_word' id='word_1_170' title='bbox 825 1539 1041 1572; x_wconf 86' lang='lat' dir='ltr'>sudiosorum</span> <span class='ocrx_word' id='word_1_171' title='bbox 1065 1538 1182 1571; x_wconf 90' lang='lat' dir='ltr'>sumti-</span> 
     </span>
    </p>
   </div>
   <div class='ocr_carea' id='block_1_3' title="bbox 217 1620 311 1624">
    <p class='ocr_par' dir='ltr' id='par_1_4' title="bbox 217 1620 311 1624">
     <span class='ocr_line' id='line_1_25' title="bbox 217 1620 311 1624; baseline 0 0"><span class='ocrx_word' id='word_1_172' title='bbox 217 1620 311 1624; x_wconf 95' lang='lat' dir='ltr'> </span> 
     </span>
    </p>
   </div>
   <div class='ocr_carea' id='block_1_4' title="bbox 49 1656 1182 2318">
    <p class='ocr_par' dir='ltr' id='par_1_5' title="bbox 49 1656 1182 2318">
     <span class='ocr_line' id='line_1_26' title="bbox 144 1656 1181 1704; baseline -0.003 -12"><span class='ocrx_word' id='word_1_173' title='bbox 144 1661 176 1704; x_wconf 89' lang='lat'>¹)</span> <span class='ocrx_word' id='word_1_174' title='bbox 201 1658 328 1692; x_wconf 87' lang='lat' dir='ltr'>Huetio</span> <span class='ocrx_word' id='word_1_175' title='bbox 363 1656 506 1702; x_wconf 81' lang='lat' dir='ltr'>praeivit</span> <span class='ocrx_word' id='word_1_176' title='bbox 543 1656 712 1696; x_wconf 82' lang='lat' dir='ltr'>Valesius,</span> <span class='ocrx_word' id='word_1_177' title='bbox 755 1657 876 1689; x_wconf 85' lang='lat' dir='ltr'>eodem</span> <span class='ocrx_word' id='word_1_178' title='bbox 913 1656 1008 1689; x_wconf 89' lang='lat' dir='ltr'>nixus</span> <span class='ocrx_word' id='word_1_179' title='bbox 1042 1656 1181 1689; x_wconf 89' lang='lat' dir='ltr'>Eusebii</span> 
     </span>
     <span class='ocr_line' id='line_1_27' title="bbox 49 1712 1180 1760; baseline -0.004 -10"><span class='ocrx_word' id='word_1_180' title='bbox 49 1715 263 1756; x_wconf 88' lang='lat' dir='ltr'>testimonio,</span> <span class='ocrx_word' id='word_1_181' title='bbox 295 1714 387 1760; x_wconf 89' lang='lat' dir='ltr'>quod</span> <span class='ocrx_word' id='word_1_182' title='bbox 419 1712 467 1745; x_wconf 89' lang='lat' dir='ltr'>sic</span> <span class='ocrx_word' id='word_1_183' title='bbox 494 1712 607 1745; x_wconf 89' lang='lat' dir='ltr'>vertit:</span> <span class='ocrx_word' id='word_1_184' title='bbox 652 1712 910 1756; x_wconf 77' lang='lat' dir='ltr'>»Hexaplorum</span> <span class='ocrx_word' id='word_1_185' title='bbox 941 1713 1039 1745; x_wconf 86' lang='lat' dir='ltr'>nobis</span> <span class='ocrx_word' id='word_1_186' title='bbox 1070 1726 1180 1745; x_wconf 83' lang='lat' dir='ltr'>exem-</span> 
     </span>
     <span class='ocr_line' id='line_1_28' title="bbox 50 1768 1181 1819; baseline -0.005 -12"><span class='ocrx_word' id='word_1_187' title='bbox 50 1773 154 1819; x_wconf 80' lang='lat' dir='ltr'>plaria</span> <span class='ocrx_word' id='word_1_188' title='bbox 177 1771 326 1816; x_wconf 87' lang='lat' dir='ltr'>reliquit.</span> <span class='ocrx_word' id='word_1_189' title='bbox 373 1770 496 1802; x_wconf 85' lang='lat' dir='ltr'>Postea</span> <span class='ocrx_word' id='word_1_190' title='bbox 527 1781 607 1800; x_wconf 90' lang='lat' dir='ltr'>vero</span> <span class='ocrx_word' id='word_1_191' title='bbox 642 1768 826 1800; x_wconf 85' lang='lat' dir='ltr'>editionem</span> <span class='ocrx_word' id='word_1_192' title='bbox 851 1768 994 1813; x_wconf 85' lang='lat' dir='ltr'>Aquilae</span> <span class='ocrx_word' id='word_1_193' title='bbox 1025 1779 1057 1802; x_wconf 87' lang='lat' dir='ltr'>et</span> <span class='ocrx_word' id='word_1_194' title='bbox 1082 1770 1181 1816; x_wconf 86' lang='lat' dir='ltr'>Sym-</span> 
     </span>
     <span class='ocr_line' id='line_1_29' title="bbox 51 1824 1179 1868; baseline -0.004 -6"><span class='ocrx_word' id='word_1_195' title='bbox 51 1829 178 1868; x_wconf 86' lang='lat' dir='ltr'>machi,</span> <span class='ocrx_word' id='word_1_196' title='bbox 201 1841 238 1861; x_wconf 81' lang='lat' dir='ltr'>ac</span> <span class='ocrx_word' id='word_1_197' title='bbox 261 1826 521 1865; x_wconf 83' lang='lat' dir='ltr'>Theodotionis‚</span> <span class='ocrx_word' id='word_1_198' title='bbox 547 1838 622 1858; x_wconf 92' lang='lat' dir='ltr'>cum</span> <span class='ocrx_word' id='word_1_199' title='bbox 647 1825 752 1857; x_wconf 90' lang='lat' dir='ltr'>LXX.</span> <span class='ocrx_word' id='word_1_200' title='bbox 776 1824 1000 1868; x_wconf 77' lang='lat' dir='ltr'>interpretum</span> <span class='ocrx_word' id='word_1_201' title='bbox 1025 1825 1179 1858; x_wconf 81' lang='lat' dir='ltr'>versione</span> 
     </span>
     <span class='ocr_line' id='line_1_30' title="bbox 51 1881 1178 1926; baseline -0.004 -9"><span class='ocrx_word' id='word_1_202' title='bbox 51 1884 190 1918; x_wconf 86' lang='lat' dir='ltr'>seorsim</span> <span class='ocrx_word' id='word_1_203' title='bbox 213 1883 247 1916; x_wconf 92' lang='lat' dir='ltr'>in</span> <span class='ocrx_word' id='word_1_204' title='bbox 271 1881 441 1926; x_wconf 86' lang='lat' dir='ltr'>Tetraplis</span> <span class='ocrx_word' id='word_1_205' title='bbox 466 1881 630 1923; x_wconf 83' lang='lat' dir='ltr'>digessit.«</span> <span class='ocrx_word' id='word_1_206' title='bbox 665 1881 748 1912; x_wconf 89' lang='lat' dir='ltr'>Ideo</span> <span class='ocrx_word' id='word_1_207' title='bbox 774 1890 887 1913; x_wconf 89' lang='lat' dir='ltr'>autern</span> <span class='ocrx_word' id='word_1_208' title='bbox 910 1881 958 1914; x_wconf 87' lang='lat' dir='ltr'>sic</span> <span class='ocrx_word' id='word_1_209' title='bbox 981 1883 1178 1914; x_wconf 85' lang='lat' dir='ltr'>vertendum</span> 
     </span>
     <span class='ocr_line' id='line_1_31' title="bbox 54 1936 1176 1982; baseline -0.003 -9"><span class='ocrx_word' id='word_1_210' title='bbox 54 1953 124 1973; x_wconf 86' lang='lat' dir='ltr'>esse</span> <span class='ocrx_word' id='word_1_211' title='bbox 159 1939 302 1972; x_wconf 87' lang='lat' dir='ltr'>credidit</span> <span class='ocrx_word' id='word_1_212' title='bbox 336 1937 505 1978; x_wconf 83' lang='lat' dir='ltr'>Valesius,</span> <span class='ocrx_word' id='word_1_213' title='bbox 546 1937 638 1982; x_wconf 89' lang='lat' dir='ltr'>quod</span> <span class='ocrx_word' id='word_1_214' title='bbox 674 1950 793 1969; x_wconf 88' lang='lat' dir='ltr'>vocem</span> <span class='ocrx_word' id='word_1_215' title='bbox 833 1936 1176 1980; x_wconf 73' lang='grc' dir='ltr'><em>ἔπικατασκευιὶσας,</em></span> 
     </span>
     <span class='ocr_line' id='line_1_32' title="bbox 52 1993 1181 2041; baseline -0.002 -14"><span class='ocrx_word' id='word_1_216' title='bbox 52 2009 151 2041; x_wconf 88' lang='lat' dir='ltr'>quam</span> <span class='ocrx_word' id='word_1_217' title='bbox 182 1996 253 2040; x_wconf 84' lang='lat' dir='ltr'>ipse</span> <span class='ocrx_word' id='word_1_218' title='bbox 288 2007 325 2027; x_wconf 88' lang='lat' dir='ltr'>ex</span> <span class='ocrx_word' id='word_1_219' title='bbox 350 1994 431 2027; x_wconf 82' lang='lat' dir='ltr'>Mss.</span> <span class='ocrx_word' id='word_1_220' title='bbox 464 2007 527 2037; x_wconf 88' lang='lat' dir='ltr'>pro</span> <span class='ocrx_word' id='word_1_221' title='bbox 559 1993 797 2031; x_wconf 69' lang='grc' dir='ltr'>ἐπισκευάσας</span> <span class='ocrx_word' id='word_1_222' title='bbox 825 1993 1014 2033; x_wconf 88' lang='lat' dir='ltr'>substituit,</span> <span class='ocrx_word' id='word_1_223' title='bbox 1044 2002 1181 2037; x_wconf 85' lang='lat' dir='ltr'>putaret</span> 
     </span>
     <span class='ocr_line' id='line_1_33' title="bbox 51 2046 1181 2094; baseline -0.003 -10"><span class='ocrx_word' id='word_1_224' title='bbox 51 2052 237 2094; x_wconf 72' lang='lat' dir='ltr'>significare</span> <span class='ocrx_word' id='word_1_225' title='bbox 261 2050 420 2093; x_wconf 83' lang='lat' dir='ltr'>Tetrapla</span> <span class='ocrx_word' id='word_1_226' title='bbox 446 2059 522 2094; x_wconf 84' lang='lat' dir='ltr'>post</span> <span class='ocrx_word' id='word_1_227' title='bbox 548 2050 635 2082; x_wconf 86' lang='lat' dir='ltr'>edita</span> <span class='ocrx_word' id='word_1_228' title='bbox 661 2050 771 2083; x_wconf 84' lang='lat' dir='ltr'>fuisse.</span> <span class='ocrx_word' id='word_1_229' title='bbox 821 2052 864 2081; x_wconf 89' lang='lat' dir='ltr'>At</span> <span class='ocrx_word' id='word_1_230' title='bbox 892 2049 961 2081; x_wconf 74' lang='lat' dir='ltr'>sive</span> <span class='ocrx_word' id='word_1_231' title='bbox 987 2046 1181 2083; x_wconf 72' lang='grc' dir='ltr'><em>ἐπισκευά-</em></span> 
     </span>
     <span class='ocr_line' id='line_1_34' title="bbox 54 2104 1181 2150; baseline -0.004 -9"><span class='ocrx_word' id='word_1_232' title='bbox 54 2120 137 2150; x_wconf 72' lang='grc' dir='ltr'><em>σας,</em></span> <span class='ocrx_word' id='word_1_233' title='bbox 162 2107 230 2138; x_wconf 87' lang='lat' dir='ltr'>sive</span> <span class='ocrx_word' id='word_1_234' title='bbox 256 2107 585 2143; x_wconf 69' lang='grc' dir='ltr'>ἓπικαῖασκευιὶσας</span> <span class='ocrx_word' id='word_1_235' title='bbox 611 2107 750 2148; x_wconf 84' lang='lat' dir='ltr'>legatur,</span> <span class='ocrx_word' id='word_1_236' title='bbox 776 2106 826 2138; x_wconf 91' lang='lat' dir='ltr'>vir</span> <span class='ocrx_word' id='word_1_237' title='bbox 850 2118 1000 2138; x_wconf 88' lang='lat' dir='ltr'>summus</span> <span class='ocrx_word' id='word_1_238' title='bbox 1024 2104 1181 2136; x_wconf 85' lang='lat' dir='ltr'>dominus</span> 
     </span>
     <span class='ocr_line' id='line_1_35' title="bbox 54 2159 1181 2197; baseline -0.005 0"><span class='ocrx_word' id='word_1_239' title='bbox 54 2163 215 2197; x_wconf 76' lang='lat' dir='ltr'>Bernard.</span> <span class='ocrx_word' id='word_1_240' title='bbox 241 2162 282 2192; x_wconf 87' lang='lat' dir='ltr'>de</span> <span class='ocrx_word' id='word_1_241' title='bbox 307 2162 529 2193; x_wconf 73' lang='lat' dir='ltr'>montfaucon</span> <span class='ocrx_word' id='word_1_242' title='bbox 555 2162 588 2193; x_wconf 91' lang='lat' dir='ltr'>in</span> <span class='ocrx_word' id='word_1_243' title='bbox 613 2163 679 2194; x_wconf 85' lang='lat' dir='ltr'>suis</span> <span class='ocrx_word' id='word_1_244' title='bbox 703 2160 999 2194; x_wconf 79' lang='lat' dir='ltr'>Praeliiuinaribus</span> <span class='ocrx_word' id='word_1_245' title='bbox 1024 2160 1055 2191; x_wconf 88' lang='lat' dir='ltr'>in</span> <span class='ocrx_word' id='word_1_246' title='bbox 1073 2159 1181 2191; x_wconf 83' lang='lat' dir='ltr'>Hexa-</span> 
     </span>
     <span class='ocr_line' id='line_1_36' title="bbox 57 2214 1180 2265; baseline -0.004 -14"><span class='ocrx_word' id='word_1_247' title='bbox 57 2222 113 2265; x_wconf 84' lang='lat' dir='ltr'>pla</span> <span class='ocrx_word' id='word_1_248' title='bbox 142 2217 296 2258; x_wconf 83' lang='lat' dir='ltr'>Origenis</span> <span class='ocrx_word' id='word_1_249' title='bbox 336 2230 406 2261; x_wconf 83' lang='lat' dir='ltr'>pag.</span> <span class='ocrx_word' id='word_1_250' title='bbox 431 2218 564 2252; x_wconf 78' lang='lat'>9—11.</span> <span class='ocrx_word' id='word_1_251' title='bbox 602 2219 689 2250; x_wconf 85' lang='lat' dir='ltr'>hunc</span> <span class='ocrx_word' id='word_1_252' title='bbox 726 2231 794 2250; x_wconf 70' lang='lat' dir='ltr'>esse</span> <span class='ocrx_word' id='word_1_253' title='bbox 828 2218 1008 2250; x_wconf 83' lang='lat' dir='ltr'>arbitratur</span> <span class='ocrx_word' id='word_1_254' title='bbox 1045 2214 1180 2261; x_wconf 78' lang='lat' dir='ltr'>hujusce</span> 
     </span>
     <span class='ocr_line' id='line_1_37' title="bbox 59 2272 1182 2318; baseline -0.005 -9"><span class='ocrx_word' id='word_1_255' title='bbox 59 2275 127 2309; x_wconf 89' lang='lat' dir='ltr'>loci</span> <span class='ocrx_word' id='word_1_256' title='bbox 151 2286 300 2307; x_wconf 85' lang='lat' dir='ltr'>sensum:</span> <span class='ocrx_word' id='word_1_257' title='bbox 330 2273 577 2317; x_wconf 78' lang='lat' dir='ltr'>„Hexaplorum</span> <span class='ocrx_word' id='word_1_258' title='bbox 602 2275 700 2307; x_wconf 87' lang='lat' dir='ltr'>nobis</span> <span class='ocrx_word' id='word_1_259' title='bbox 715 2273 916 2318; x_wconf 82' lang='lat' dir='ltr'>exemplaria</span> <span class='ocrx_word' id='word_1_260' title='bbox 934 2272 1083 2317; x_wconf 85' lang='lat' dir='ltr'>reliquit,</span> <span class='ocrx_word' id='word_1_261' title='bbox 1106 2284 1182 2304; x_wconf 88' lang='lat' dir='ltr'>cum</span> 
     </span>
    </p>
   </div>
  </div>
 </body>
</html>
