1422 2472
350 79 665 114 Onxeenmuonum
688 79 801 114 Lmen
816 81 879 116 ΙΙΙ.
1114 82 1180 121 261

46 183 134 216 puro
159 183 197 203 ac
221 179 310 204 terso
338 170 499 217 Cypriani
522 183 678 204 sermone
708 170 926 205 nanciscaris:
975 171 1183 207 »Constitu-

46 232 219 274 nonarius,
242 232 490 278 repulsorium,
515 233 732 276 vulgaritatis,
759 233 981 276 ssuxmarum,
1006 235 1184 280 probrosi-

46 305 112 336 tas,
135 295 332 340 participia,
357 296 517 337 adunari,
541 295 716 336 vanificat,
749 305 951 339 egestosam,
976 296 1185 339 intimemus,

45 358 276 404 procurativa,
312 358 496 399 absentari,
528 357 764 403 conjugalitas,
794 359 1014 403 parentalis,«
1050 360 1184 407 aliaque

45 419 203 465 plurima.
236 419 322 464 Quis
338 430 568 454 monstrorum
594 420 762 467 ejusmodi
785 431 960 465 parentem
978 422 1186 468 Cypriauum

48 482 161 516 dicat?
206 482 436 515 Arianismum
460 492 633 528 praeterea
657 483 738 516 haec
763 483 912 528 sapiunt:
947 483 1006 518 »Si
1033 484 1185 518 Christus

48 558 243 590 comparare
264 558 299 578 se
323 544 435 590 ipsum
459 558 556 578 ausus
583 554 632 578 est
655 545 751 586 Deo,
777 545 834 590 qui
858 545 947 579 aiu«
983 545 1183 592 »»Pater¹)

46 607 156 653 major
179 620 233 640 me
259 616 381 640 est:««
410 616 494 640 »aut
518 607 546 640 si
568 606 728 652 Apostoli
753 619 939 653 coaequare
963 616 1070 640 semet
1093 607 1187 653 ipsos

48 669 118 702 ausi
143 678 219 702 sunt
244 669 418 703 Christo.«
467 669 680 714 Rapinam2)
704 682 827 715 nempe
853 669 1052 710 arbitratur,
1089 670 1186 703 Chri-

50 741 138 765 stum
163 744 232 764 esse
257 732 434 776 aequalem
446 731 544 773 Deo;
567 740 766 776 tantumque
791 731 992 765 discriminis
1012 731 1187 766 Christum

46 794 135 827 inter
159 802 192 826 et
205 793 319 826 Deum
340 781 425 834 esse,
451 802 613 838 quantum
630 793 816 839 Apostolos
842 793 931 827 inter
955 803 989 827 et
1004 793 1187 830 Christum.

46 855 286 898 Primigeniam
318 865 352 889 et
385 855 531 889 nativam
562 855 835 889 lucubrationem
865 856 962 890 stilus
994 856 1081 898 olet,
1116 870 1187 890 non

48 918 381 964 interpretationem,
406 931 490 964 quae
516 918 675 952 adstricta
697 919 769 952 fere
795 927 845 952 est
869 928 902 952 et
927 927 1091 953 contorta.
1138 918 1189 952 Ea

48 995 128 1014 vero
163 990 211 1014 est
244 981 419 1026 scriptoris
452 980 640 1021 barbaries,
672 990 710 1014 ut
734 981 952 1015 Hellenismis
983 982 1098 1015 locum
1130 982 1189 1014 de-

50 1044 136 1077 disse
161 1043 299 1076 minime
324 1042 479 1076 mirabile
510 1043 573 1083 sit,
606 1043 664 1088 qui
689 1052 742 1076 tot
773 1044 977 1087 stribligines
1001 1057 1039 1077 ae
1064 1043 1187 1077 dictio-

50 1120 130 1139 num
156 1115 314 1151 portenta
338 1105 482 1139 admisit.
532 1105 646 1150 Spirat
669 1115 781 1138 tamen
806 1106 919 1139 felicia
943 1105 1188 1151 juvenescentis

52 1168 211 1201 ccclesiae
236 1177 409 1214 tempora,
442 1168 526 1201 adeo
552 1177 589 1200 ut
613 1167 640 1200 si
673 1168 782 1201 minus
807 1168 905 1203 illum
931 1168 1131 1215 Hieronymi
1156 1177 1188 1201 ct

49 1231 227 1273 Augustini
261 1244 344 1264 aevo
383 1231 594 1275 superiorem
631 1231 800 1272 dicamus,
838 1232 930 1276 quod
970 1230 1183 1276 probabilius

52 1307 120 1326 esse
144 1302 247 1338 pute,
271 1306 340 1326 non
364 1293 474 1326 multo
501 1303 590 1326 certe
617 1293 814 1326 inferiorem
840 1293 941 1327 liceat
966 1293 1129 1327 arbitrari.

140 1356 322 1401 Reperitur
358 1356 496 1400 quidem
532 1356 620 1388 inter
654 1357 737 1389 falso
776 1357 944 1401 adscripta
974 1356 1186 1402 Hieronymo

52 1420 166 1465 Opera
192 1419 336 1463 epistola
360 1419 402 1451 ad
428 1420 603 1453 Oceanum
629 1420 670 1452 de
695 1418 762 1451 vita
781 1419 1006 1459 clericorum,
1032 1419 1090 1451 sed
1109 1420 1188 1452 Sul-

51 1482 136 1527 pitio
162 1482 290 1515 Severo
316 1482 504 1522 recentior,
530 1482 657 1527 quippe
683 1495 768 1527 quae
792 1482 898 1515 sancti
922 1481 1062 1515 Martini
1086 1481 1189 1515 vitam

51 1547 92 1578 ab
118 1558 158 1578 eo
192 1544 350 1589 scriptam
383 1544 507 1576 laudet.
554 1544 715 1588 Ejusdem
747 1545 817 1576 fere
851 1557 889 1577 ea
922 1554 970 1577 cst
1002 1544 1190 1586 argumenti

52 1621 90 1641 ac
114 1609 219 1640 altera
244 1608 345 1647 haec,
378 1619 462 1651 quae
489 1605 629 1648 Origeni
653 1606 843 1649 affingitur,
876 1616 912 1640 ut
943 1606 970 1640 si
995 1607 1068 1652 quis
1093 1607 1188 1640 illam

54 1685 92 1703 ex
125 1672 187 1704 hac
223 1682 411 1715 expressam
448 1668 555 1710 dicat,
598 1669 772 1716 conjector
806 1682 876 1703 non
912 1669 1045 1714 ineptus
1080 1669 1189 1704 videri

56 1733 171 1781 possit.

141 1797 238 1830 XIII.
279 1794 388 1829 Josias
412 1795 595 1837 Simlerus,
628 1805 661 1829 et
687 1795 862 1829 conradus
887 1794 1015 1828 Frisius
1046 1794 1080 1828 in
1104 1795 1188 1840 Epi-

54 1870 147 1894 tome
171 1858 405 1892 Bibliothecae
436 1858 659 1892 Gesnerianae
692 1868 844 1899 narrant,
877 1857 1031 1900 origenis
1063 1857 1189 1891 librum

57 1924 98 1956 de
122 1921 316 1956 Astrolabio
341 1920 376 1953 in
393 1921 554 1955 Vaticana
577 1921 792 1955 Bibliotheca
815 1920 949 1955 servari.
991 1920 1189 1964 Argumenti

58 1984 153 2030 hujus
177 1984 396 2030 scriptionem
423 1985 463 2017 ab
489 1984 636 2028 Origene
662 1984 779 2018 exiisse
803 1996 923 2024 nemo,
956 1984 1049 2028 quod
1073 1983 1188 2026 sciam,

59 2047 163 2079 literis
192 2046 354 2092 prodidit.
401 2048 452 2080 Ne
484 2048 566 2093 quid
598 2057 709 2081 tamen
747 2047 994 2080 inconsiderate
1031 2046 1190 2080 decerne-

60 2123 149 2151 rem,
174 2109 285 2142 curavi
308 2110 486 2144 vaticanos
510 2110 708 2157 perlustrari
731 2112 882 2151 forulos,
906 2108 1033 2142 indices
1058 2109 1188 2143 evolvi:

62 2172 194 2207 nullum
225 2172 324 2217 plane
354 2175 420 2207 hoc
450 2175 551 2208 titulo
585 2175 710 2209 librum
745 2174 816 2208 illic
846 2171 988 2220 reperiri
1019 2171 1187 2219 perlatum

65 2252 118 2260 ..—

159 2300 190 2347 ¹)
216 2300 275 2333 Ev.
299 2300 418 2335 Joann.
445 2300 536 2344 XlV,
560 2300 612 2337 28,
732 2300 768 2348 2>
792 2299 861 2337 Csr.
889 2298 1036 2352 Philipp.
1061 2298 1111 2341 11,
1134 2297 1165 2339 (i.
