1413 2482
167 86 232 122 140
499 82 612 117 Perfa
641 81 817 116 oss-mus
841 81 974 118 Huzru

261 175 354 207 vul.
390 175 442 206 Ad
468 173 661 207 enodandas
675 172 774 205 Pauli
799 172 960 218 epistolas
977 174 1144 216 ingentem
1171 187 1310 220 operam

167 248 200 271 et
224 238 378 270 laborem
405 235 570 277 Origenes
595 234 758 268 contulit:
784 235 968 281 praecipue
993 248 1076 269 vero
1103 236 1191 270 circa
1210 237 1309 270 Pauli

168 298 347 346 epistolam
366 298 407 330 ad
420 297 595 331 Romanos
611 310 778 331 summam
802 297 957 332 adhibuit
980 297 1210 343 diligentium
1232 313 1311 334 nam

167 375 252 408 quae
286 361 321 393 in
353 359 456 393 latina
489 359 640 393 editione
672 372 691 393 a
722 359 848 393 Rufino
883 373 1044 394 conversa
1074 370 1220 403 exstant,
1255 361 1310 396 vix

166 424 313 458 mediam
332 421 670 457 Commentariorum
695 431 879 468 exaequant
902 432 1047 468 partem,
1072 436 1158 469 quos
1181 424 1217 457 in
1236 437 1309 458 eam

168 487 349 532 epistolam
374 485 536 520 ediderat.
583 485 728 519 Rufinus
753 485 788 518 in
811 485 1030 519 Praefatione
1054 485 1096 519 ad
1113 485 1310 520 Heraclium

167 548 444 595 interpretationi
467 560 546 582 suae
570 548 735 593 praefixaz
774 548 947 588 »Suades‚
979 547 1107 594 inquit,
1137 557 1176 582 ut
1197 557 1313 583 nostra

168 626 252 646 voce
277 610 471 657 quindecim
498 609 567 655 ejus
594 610 786 655 (Origenis)
812 610 1006 652 volumina,
1038 612 1161 658 quibus
1187 612 1314 658 episto-

168 677 234 710 lam
259 675 357 709 Pauli
382 675 424 707 ad
449 674 623 707 Romanos
649 672 824 715 disseruit,
851 673 1088 718 expuet-musac
1138 675 1236 720 ha')
1261 675 1311 708 le-

166 748 287 782 gerunt
313 747 343 770 et
371 736 551 770 ediderunt
576 736 761 776 Merlinus,
785 735 963 778 Erasmus,
995 746 1028 770 et
1054 737 1312 771 Genebrardus:

164 802 245 835 inde
272 800 384 835 Sixtus
411 798 568 833 Senensis
592 797 763 843 scripsisse
789 798 971 841 Origenem
1005 799 1086 834 dixit
1117 800 1153 833 in
1184 800 1313 846 episto-

165 865 234 898 lam
259 865 300 897 ad
326 864 500 897 Romanos
526 860 862 895 Commentariorum
888 861 994 895 libros
1019 862 1228 908 quindecim.
1263 864 1310 896 At

165 941 223 960 eos
249 926 368 969 viginti
391 937 534 959 numero
560 923 663 956 fuisse
688 923 804 967 asserit
830 924 1064 966 Cassiodorus,
1090 925 1167 961 libr.
1192 927 1234 960 de
1262 926 1312 960 in-

165 991 270 1024 stitut.
291 988 433 1023 divinar.
455 987 651 1033 scripturar.
667 986 713 1019 ita
738 985 899 1032 loquens:
928 987 1063 1022 »Sancti
1076 987 1176 1022 Pauli
1201 989 1312 1034 prima

168 1053 323 1086 omniurn
356 1061 389 1085 et
413 1049 649 1090 admirabilior
672 1047 837 1081 destinata
870 1050 1087 1091 cognoscitur
1118 1051 1160 1083 ad
1183 1051 1311 1084 Roma-

164 1129 245 1156 nos,
278 1127 378 1160 quam
403 1112 567 1155 Origenes
591 1110 709 1153 viginti
734 1110 829 1144 libris
855 1111 990 1145 Graeco
1015 1125 1173 1146 sermone
1199 1113 1312 1147 decla-

165 1177 268 1211 ravit:
306 1189 390 1222 quos
422 1185 536 1208 tamen
559 1187 663 1220 supra
688 1173 797 1206 dictus
821 1174 965 1208 Rufinus
998 1175 1034 1208 in
1059 1175 1178 1209 decem
1204 1176 1310 1210 libros

163 1240 337 1282 redigens,
369 1238 478 1272 adhuc
504 1237 643 1283 copiose
674 1236 848 1270 transtulit
871 1237 906 1270 iu
931 1237 1097 1272 Latinum.
1109 1252 1126 1268 (ε
1177 1239 1312 1274 Confir-

166 1312 280 1336 matur
303 1301 389 1335 illud
415 1314 454 1334 ex
478 1301 530 1334 his
554 1299 671 1333 Rufini
696 1298 807 1333 verbis
832 1297 868 1332 in
892 1299 1110 1335 Praefatione
1134 1315 1215 1336 mox
1239 1302 1312 1336 lau-

165 1366 260 1397 data:
310 1363 447 1397 »Addis
472 1373 602 1404 autem,
640 1375 681 1395 ne
707 1361 789 1407 quid
814 1362 988 1396 laboribus
1020 1363 1105 1397 meis
1138 1364 1242 1404 desit,
1272 1375 1311 1398 ut

166 1439 267 1460 omne
299 1426 365 1458 hoc
398 1425 591 1470 quindecim
617 1424 832 1458 voluminum
866 1438 1007 1471 corpus,
1041 1427 1135 1472 quod
1160 1427 1309 1462 Graecus

165 1503 276 1523 sermo
303 1490 345 1522 ad
363 1488 582 1534 quadraginta
599 1488 688 1528 fere,
713 1497 770 1520 aut
796 1501 836 1521 eo
855 1489 1001 1534 amplius
1025 1488 1133 1522 millia
1152 1502 1309 1523 versuum

165 1551 347 1597 produxit,
372 1551 585 1593 abbreviem,
613 1559 646 1583 et
669 1551 711 1583 ad
735 1550 867 1592 media,
897 1550 925 1584 si
949 1551 1024 1584 fieri
1048 1561 1179 1598 potest,
1203 1553 1311 1598 spatia

168 1624 371 1647 coarctem«
407 1614 514 1656 Igitur
537 1614 653 1647 Rufini
677 1611 914 1659 interpretatio
940 1614 1053 1648 media
1078 1615 1212 1648 circiter
1234 1629 1310 1661 pars

167 1686 215 1710 est
255 1676 451 1718 origeniani
488 1669 632 1722 Operis;
670 1676 764 1722 atqui
800 1677 882 1709 haec
919 1675 1153 1724 interpretatio
1190 1679 1310 1714 decem

166 1740 409 1783 complectitur
433 1740 557 1782 libros;
580 1740 699 1782 viginti
725 1752 803 1782 ergo
832 1753 919 1785 opus
944 1739 1188 1783 Origenianum
1214 1756 1307 1776 com-

163 1803 386 1848 plectebatur.
420 1803 522 1845 Igitur
546 1817 610 1848 pro
638 1801 875 1847 »quindecim«
904 1802 1084 1846 legendum
1102 1806 1193 1850 apud
1210 1805 1306 1839 Rufi-

164 1879 246 1899 num
274 1864 442 1907 »viginti«
493 1866 601 1899 Addit
633 1864 755 1898 deinde
781 1865 943 1906 Rufinus,
975 1865 1179 1911 interpolata
1204 1867 1306 1902 fuisse

167 1926 419 1962 commentaria
451 1927 624 1970 Origenis,
665 1937 696 1961 et
732 1929 767 1961 in
799 1927 955 1960 omnibus
986 1929 1057 1961 fere
1081 1928 1306 1964 Bibliothecis

166 1989 312 2024 defuisse
339 1990 535 2034 »aliquanta
567 2003 605 2023 cx
637 1990 711 2034 ipso
745 2003 890 2034 corpore
916 1990 1121 2024 voluminass
1170 1992 1308 2038 Episto-

167 2054 234 2087 lam
267 2054 310 2086 ad
335 2052 530 2087 Corinthios
566 2052 717 2098 priorem
751 2052 910 2086 latissime
942 2053 1203 2099 interpretatum
1225 2069 1305 2097 ,esse

262 2212 295 2257 ¹)
331 2213 489 2245 Attamen
522 2212 602 2245 Mss.
641 2212 709 2245 duo
747 2212 911 2253 Codices,
948 2213 989 2246 ad
1026 2226 1172 2259 quorum
1203 2215 1306 2250 fidem

168 2258 285 2292 Rufini
310 2266 503 2291 contextum
529 2258 780 2300 revocavimus,
807 2271 869 2304 pro
905 2258 1163 2303 »quindecima
1191 2260 1305 2307 legunt

167 2304 268 2341 alius:
304 2304 486 2348 »dcccn1,«
514 2303 614 2340 alius:
652 2305 892 2342 »duodecim«
942 2306 982 2343 R.
