1413 2482
212 100 279 136 324
551 100 586 132 S.
613 99 790 133 PAmmun
824 100 1011 133 varvms

308 189 552 224 ORIGENES.
603 190 682 223 »His
698 191 728 235 ¹)
754 203 815 235 per
839 190 1013 230 ordinem,
1036 199 1139 235 prout
1162 190 1345 235 potuimus¹

215 253 362 286 breviter
387 252 532 294 digestis,
558 264 764 296 consequens
790 261 838 285 est
862 252 1047 285 secundum
1075 252 1120 292 id,
1134 253 1167 297 ²)
1194 253 1285 297 quod
1311 265 1348 284 ex

216 315 313 349 initio
338 314 554 359 propositum
569 314 603 359 ³)
630 323 690 353 est,
716 315 890 347 confutare
923 314 1023 347 etiam
1049 327 1125 355 eos,
1151 315 1208 359 qui
1231 323 1350 359 putant

216 378 320 411 alium
345 378 458 410 Deum
484 389 552 409 esse
566 385 696 421 patrem
713 376 856 409 Domini
877 376 983 409 nostri
998 376 1077 410 Jesu
1097 376 1231 416 Christi,
1255 389 1351 421 prae-

215 450 266 472 ter
290 439 399 478 illum,
424 438 482 483 qui
506 439 559 471 vel
576 440 610 482 ⁴)
635 438 726 471 Most
750 451 911 483 responsa
937 438 1018 481 legis
1043 439 1160 478 dabat,
1191 438 1244 470 vel
1271 451 1350 483 pro—

215 502 333 547 phetas
357 501 522 541 mittebat,
551 500 610 545 qui
636 509 684 533 est
706 500 800 532 Deus
824 510 958 545 patrum
984 501 1169 539 Abraham,
1194 501 1294 539 isaac,
1319 509 1351 532 et

215 564 335 599 Jacob.
384 563 532 608 Oportet
562 562 650 595 enirn
681 562 841 607 primo⁵)
871 562 906 594 in
939 562 999 595 hac
1031 576 1093 596 nos
1116 561 1197 594 fidei
1220 561 1350 594 ratione

218 625 354 659 firmari.
402 625 693 658 Considerandum
724 637 802 673 ergo
835 633 884 657 est
908 624 1011 664 illud,
1041 625 1133 669 quod
1158 625 1352 670 frequenter

217 688 252 721 in
275 687 465 730 Evangeliis
492 687 632 727 dicitur,
665 696 698 719 et
728 687 761 719 in
775 687 808 731 6)
840 686 976 729 singulis
1001 686 1188 732 quibusque
1211 686 1353 719 Domini
1412 695 1413 730 ᾖ

218 759 251 782 et
275 749 458 783 salvatoris
481 749 586 782 nostri
611 748 708 791 gestis
725 748 930 794 adjungitur:
956 747 1047 793 Ut⁷)
1062 748 1243 793 impleatur
1260 748 1352 793 quod

219 811 347 844 dictum
373 820 422 843 est
446 823 507 855 per
530 811 731 855 prophetam
763 811 859 843 illum
893 820 927 843 et
958 810 1072 843 illum:
1103 824 1179 843 cum
1212 810 1353 843 manife-

218 884 307 907 stum
331 873 421 917 site)
448 873 629 918 prophetas
662 885 732 905 esse
763 872 854 905 illius
878 872 960 911 Dei,
991 872 1049 917 qui
1073 873 1235 905 mundum
1261 872 1352 906 fecit.

217 937 266 968 Ex
291 935 363 980 ipsa
387 948 465 977 ergo
492 935 731 980 consequentia
757 935 983 974 concluditur.
1008 934 1166 979 quoniam
1191 935 1250 979 qui
1274 947 1354 980 pro-

219 997 335 1042 phetas
359 997 506 1041 misit‚⁹)
532 997 573 1029 de
600 997 746 1037 Christo,
772 1010 856 1041 quae
877 997 1019 1039 gerenda
1037 1007 1137 1036 erant,
1161 997 1233 1042 ipse
1257 1010 1353 1042 prae-

221 1056 323 1092 dixit:
354 1069 388 1091 et
421 1058 562 1092 dubium
597 1071 665 1091 non
698 1068 762 1098 est,
795 1059 887 1103 quod
922 1058 1002 1091 haec
1033 1071 1101 1091 non
1126 1058 1255 1091 alienus
1280 1059 1353 1104 quis

219 1123 259 1154 ab
285 1134 338 1161 eo,
362 1122 421 1154 sed
444 1131 541 1166 pater
562 1119 667 1164 ipsius
688 1120 914 1165 praedicebat.
962 1121 1030 1154 Sed
1063 1130 1095 1153 et
1125 1120 1230 1160 illud,
1260 1121 1353 1165 quod

218 1183 413 1228 frequenter
436 1182 589 1227 exempla
612 1183 653 1215 de
678 1182 784 1215 veteri
796 1183 1010 1216 Testamento
1033 1195 1052 1215 a
1076 1183 1251 1216 salvatore
1276 1195 1355 1228 pro-

220 1247 391 1284 feruntur,
429 1245 481 1277 vel
505 1246 546 1277 ab
572 1244 747 1290 Apostolis
772 1244 861 1290 ejus,
901 1257 969 1277 non
993 1244 1084 1276 aliud
1108 1244 1253 1285 indicat,
1287 1245 1350 1278 nisi

221 1307 313 1351 quod
337 1306 519 1339 auctoritas
544 1307 711 1340 veteribus
735 1320 752 1339 a
777 1306 952 1340 Salvatore
985 1315 1016 1338 et
1045 1306 1085 1338 ab
1111 1306 1180 1351 ejus
1205 1306 1353 1352 discipu-

221 1368 261 1401 lis
285 1369 474 1402 adhibetur.
523 1369 591 1402 Sed
614 1379 647 1401 et
670 1369 774 1409 illud,
805 1369 898 1413 quod
929 1369 971 1401 ad
1003 1368 1240 1410 benignitatem
1272 1382 1352 1414 pro-

315 1534 346 1576 ')
374 1534 560 1577 Depromta
584 1541 661 1586 sunt
684 1532 764 1576 haee
790 1533 889 1565 verba
915 1544 952 1564 ex
977 1531 1033 1564 lib.
1056 1532 1095 1565 11.
1121 1535 1203 1576 περὶ
1230 1533 1351 1578 ‘'(Qytfiv

219 1578 662 1669 ῗῖὃέὀοὲνΊ-Ιῗὲηὶιιαὲηεῖἓ
685 1578 995 1657 ἒέἀὶᾒξιῗοξῑ.ῢί)ίιῧ.
1021 1576 1097 1612 180.
1121 1590 1188 1623 seq.
1216 1599 1255 1605 --
1284 1579 1348 1613 ΕΔ,

312 1682 347 1724 ²)
370 1681 477 1713 Deest
499 1682 536 1713 id
558 1679 591 1711 in
617 1679 668 1712 ed.
696 1679 824 1724 Redep.

311 1738 344 1781 ³)
369 1738 432 1771 Ed.
458 1738 587 1781 Redep.
609 1737 857 1780 proposuimus,
881 1737 1063 1778 confutare
1087 1744 1150 1767 etc.

313 1794 345 1838 ⁴)
369 1794 474 1826 Deest
497 1795 550 1827 rel
573 1793 606 1825 in
632 1793 683 1828 ed,
711 1793 839 1836 Redep.

313 1851 345 1893 ⁵)
370 1850 433 1884 Ed.
458 1850 586 1894 Redep.
610 1851 767 1893 primum.

310 1905 344 1949 ὃ)
368 1905 473 1938 Deest
496 1907 535 1938 in
559 1905 591 1937 in
618 1905 693 1937 edd.
719 1904 766 1936 M.

311 1962 344 2005 ⁷)
371 1962 441 1996 Csr.
467 1960 585 1995 Matth.
610 1961 704 1999 ΧΙΙΙ,
729 1959 785 1994 35.
808 1959 950 1999 XXVH,
974 1960 1026 1994 35,
1050 1961 1094 1993 al.

310 2019 344 2062 ⁸)
368 2019 431 2051 Ed.
457 2018 586 2061 Redep.
610 2018 673 2058 sit,
706 2018 789 2060 quia
818 2017 1003 2061 prophetae
1033 2018 1129 2051 illius
1159 2024 1239 2051 sunt
1269 2019 1345 2059 Dei,

217 2067 276 2110 qni
298 2066 457 2098 mundum
479 2064 573 2106 fecit.

310 2120 343 2164 9)
369 2120 425 2154 Sic
456 2120 535 2153 Mss.
566 2117 659 2150 Editi
692 2130 771 2149 vero
804 2118 840 2160 (v
884 2131 911 2150 c.
943 2118 1019 2150 edd.
1052 2118 1117 2160 M.)
1149 2130 1343 2163 perperam:

218 2168 329 2217 mjsi-t,
363 2178 453 2217 qnae
479 2166 518 2216 de
539 2165 685 2216 “Christo
716 2164 884 2215 enez-lenda
907 2170 1027 2205 erant,
1057 2166 1128 2208 ipse
1155 2166 1343 2208 praediscit.

216 2209 1225 2301 31¹2?‚flsssifff'qffffssffsse¹22¹2-a}{¹0¹¹¹‹ef1‘.³'1z⁶gd0⁰13¹5‹1531ssssssss
1239 2222 1343 2299 3:23
1396 2295 1398 2297 ,

211 2304 441 2345 praedicenda
465 2308 575 2342 erant,
599 2301 670 2345 ipse
695 2308 756 2332 etc.
783 2299 821 2331 R.
