1413 2482
180 101 246 137 144
513 100 627 135 Pam
653 99 829 134 nameus
853 99 986 134 numu

180 193 248 225 duo
274 191 371 224 libris
396 190 464 223 suis
498 191 539 223 de
565 189 829 235 praeparatione
852 189 1055 232 Evangelica
1078 190 1244 223 Eusebius
1269 190 1318 223 in-

179 255 300 289 seruit:
341 251 435 297 prius
461 261 567 285 exstat
591 251 668 285 libr.
686 251 762 286 VII.
788 265 861 297 cap.
885 251 960 292 20.‚
997 261 1031 286 et
1054 251 1172 297 capitis
1196 252 1319 298 prioris

179 318 355 352 Geneseos
380 327 513 348 versum
539 314 783 348 duodecimum
802 314 963 360 explicat;
989 314 1320 349 Commentariorum

181 390 296 413 autem
325 388 459 425 partem
485 391 554 411 esse
587 391 625 411 ex
656 378 736 411 stilo
771 377 938 421 arguitur:
974 377 1142 424 posterius
1175 378 1320 412 illustrat

180 442 299 488 capitis
333 441 485 487 ejusdem
510 454 645 474 versum
677 441 848 475 decimum
875 450 1052 487 quartum,
1086 440 1174 487 jacet
1206 450 1318 476 autem

179 506 213 538 in
240 506 328 539 libro
353 514 448 539 sexto
465 503 606 538 Eusebii
625 504 766 549 cap.11.
801 505 1001 550 flaheim-¹)
1028 503 1129 538 etiam
1154 504 1187 537 in
1204 504 1321 538 Philo-

182 569 285 602 caliae
312 568 424 614 capite
448 567 503 603 22.
530 567 710 610 fragmenti
734 566 832 614 hujus
858 581 934 613 pars
959 567 1082 614 aliqua,
1106 567 1195 601 unde
1221 567 1320 601 disci-

179 645 253 665 mus
280 645 297 665 e
322 631 425 665 tertio
442 631 558 664 Tomo
575 630 909 664 Commentariorum
925 629 1082 673 Origenis
1100 631 1319 676 depromtum

179 696 268 729 illud
293 708 376 729 esse.
419 693 523 728 Aliud
548 704 724 739 praeterea
750 693 919 740 reperitur
934 692 1142 727 Philocaliae
1167 706 1239 740 cap.
1256 693 1322 735 14„

181 759 242 792 nbi
276 771 315 792 ex
348 758 471 792 eodem
505 757 620 790 Tomo
653 757 800 803 petitum
831 757 867 791 id
903 769 973 790 esse
1009 755 1222 800 significatur.
1270 756 1320 790 Ex

180 822 344 856 horumce
376 821 543 855 librorum
573 808 791 853 Praefatione
829 819 984 863 exiguum
1014 821 1256 862 fragmentum,
1289 828 1323 853 et

181 886 274 920 aliud
307 898 446 931 quoque
477 897 494 917 e
525 883 614 917 libro
647 884 759 929 primo
792 883 913 917 recitat
936 881 1135 928 Pamphilus
1165 882 1199 916 in
1226 883 1321 928 Apo-

180 949 343 992 logetico.
391 947 580 993 Scripserat
604 946 769 989 Origenes
792 946 1021 980 Homiliarum
1045 945 1262 992 mysticarum
1286 945 1321 978 in

183 1011 333 1052 Genesin
365 1010 471 1043 libros
504 1010 607 1042 duos:
644 1008 780 1042 illarum
811 1018 942 1054 partem
974 1021 1045 1042 esse
1076 1007 1321 1053 septemdecim

183 1087 248 1115 eas,
276 1086 362 1119 quae
378 1081 571 1118 supersunt,
589 1071 767 1106 arbitratus
785 1081 834 1104 est
847 1070 958 1105 Sixtus
975 1070 1143 1106 Senensis.
1185 1070 1274 1104 Huic
1286 1072 1321 1117 2)

182 1203 322 1248 insuper
354 1202 387 1235 in
418 1203 500 1236 Mss.
529 1201 740 1235 Graecorum
772 1201 911 1235 Patrum
943 1200 978 1233 in
1009 1200 1157 1234 Genesin
1189 1201 1323 1236 Catenis

183 1248 341 1291 Origenis
374 1248 513 1281 nomine
548 1248 850 1287 circumferuntur,
889 1259 973 1291 quae
1011 1246 1154 1280 editioni
1186 1260 1322 1293 quoque

181 1294 362 1327 inserenda
387 1307 458 1327 esse
484 1294 651 1327 duximus.
699 1294 767 1327 Sed
785 1302 1022 1337 praeterquam
1047 1293 1140 1337 quod
1165 1292 1248 1326 levis
1274 1302 1324 1326 est

182 1353 426 1384 nonnunquam
465 1339 668 1372 Catenarum
708 1339 808 1378 fides,
851 1338 1018 1370 incertum
1058 1347 1232 1382 praeterea
1263 1347 1322 1378 est,

182 1386 273 1418 unde
301 1385 525 1428 Origenianae
551 1384 718 1430 ejusmodi
750 1383 924 1430 symbolae
955 1383 990 1416 in
1017 1383 1165 1416 Genesin
1196 1383 1323 1429 petitae

185 1431 270 1470 sint,
296 1444 335 1463 an
362 1444 379 1463 e
405 1430 543 1471 Tomis,
568 1444 608 1463 an
635 1442 652 1462 e
677 1429 844 1470 scholiis,
871 1442 913 1461 an
939 1441 976 1461 ex
1001 1428 1174 1470 Homssiis,
1199 1443 1242 1462 an
1267 1430 1325 1463 de-

184 1477 287 1522 nique
325 1490 363 1508 ex
395 1476 467 1509 aliis
500 1476 570 1521 ejus
606 1476 640 1508 iu
673 1475 823 1508 diversos
855 1474 1040 1519 scripturae
1072 1474 1184 1508 sacr'ae
1217 1476 1323 1509 libros

186 1522 459 1557 Commentariis.
517 1522 618 1555 Certe
652 1533 690 1553 ex
726 1529 780 1553 tot
810 1520 1024 1562 fragmentis,
1062 1533 1146 1566 qnae
1179 1520 1324 1554 Catenae

186 1568 363 1609 exhibent,
395 1568 448 1600 vix
481 1568 549 1600 duo
583 1577 640 1600 aut
672 1566 736 1600 tria
768 1566 997 1611 comperimus
1029 1566 1072 1599 ad
1095 1566 1264 1601 Homilias
1286 1567 1322 1600 in

185 1614 333 1647 Genesin
358 1613 539 1658 pertinere.
588 1614 628 1646 R.
768 1616 773 1619 “

282 1670 315 1714 ¹)
339 1669 487 1703 Fallitur
511 1669 667 1710 Huetius,
693 1683 768 1703 cum
794 1668 839 1702 ait
862 1668 959 1716 liujus
985 1668 1164 1712 fragmenti
1188 1678 1320 1714 partem

182 1723 312 1749 tantum
348 1716 497 1760 aliquam
528 1715 644 1748 haberi
683 1715 717 1748 in
749 1714 880 1748 Philoc.
915 1728 986 1761 cap.
1004 1714 1078 1755 22,
1113 1727 1189 1748 cum
1222 1714 1321 1758 longe

182 1761 348 1806 prolixius
371 1761 412 1794 sit
437 1761 528 1794 istud
552 1761 776 1803 fragmentum
808 1761 844 1793 in
866 1760 1073 1800 philocalia,
1107 1773 1207 1805 quam
1232 1761 1324 1805 apud

181 1807 387 1847 Eusebium,
428 1807 488 1839 ubi
525 1807 775 1847 desiderantur,
818 1818 902 1851 quae
946 1806 981 1839 in
1019 1815 1134 1840 nostra
1171 1806 1321 1839 editione

182 1866 275 1886 num.
302 1853 354 1887 12.
382 1851 433 1887 13.
460 1861 493 1884 et
519 1852 570 1887 14.
596 1852 821 1898 reperiuntur.
871 1852 912 1885 R.

278 1908 312 1953 ²)
338 1909 416 1941 Non
442 1909 600 1953 equidem
625 1908 747 1942 infitias
772 1908 889 1948 ierim,
923 1907 1003 1940 alias
1027 1919 1090 1952 per
1114 1907 1222 1939 otium
1248 1919 1319 1940 me-

182 1954 288 1988 ditate
319 1955 511 1987 elaborasse
545 1954 747 1997 Origenem,
779 1953 859 1986 alias
894 1966 933 1985 ex
962 1962 1117 1997 tempore
1149 1953 1319 1986 recitasse.

183 2001 253 2034 Sed
276 2000 366 2032 unde
391 2000 546 2032 habuerit
570 2000 732 2038 Huetius,
763 1998 918 2043 mysticas
944 1998 1046 2030 fuisse
1070 1997 1234 2031 meditate
1257 2011 1321 2043 per

185 2045 295 2079 otium
320 2046 526 2084 elaboratas,
561 2054 593 2077 et
623 2045 664 2077 ab
691 2044 839 2086 Origene
868 2043 962 2088 ipso,
995 2056 1064 2076 non
1096 2045 1137 2076 ab
1162 2043 1319 2077 actuariis

183 2091 308 2132 editas,
343 2091 379 2123 id
410 2103 487 2123 sane
520 2090 662 2129 dubim,
695 2102 735 2122 au
771 2088 967 2133 cu‘usquam
994 2089 1114 2122 veteris
1144 2089 1320 2134 scriptoris

183 2137 383 2170 auctoritate
406 2137 552 2180 probare
577 2135 754 2180 potuisset.
804 2102 904 2167 (liene
936 2133 1045 2179 major
1074 2147 1151 2180 pars
1174 2143 1320 2179 septem-

187 2183 298 2216 decim
315 2182 543 2216 Homiliarum
559 2180 592 2214 in
610 2180 758 2214 Genesin
782 2179 930 2225 mysticis
953 2179 1104 2212 sensibus
1129 2180 1320 2213 enarrandis

182 2228 404 2273 impenditur.
453 2226 548 2270 Quid
573 2239 651 2268 ergo
679 2239 731 2259 eas
757 2235 846 2258 vetat
876 2225 1030 2271 mysticas
1062 2226 1148 2266 dici,
1181 2234 1214 2258 et
1246 2238 1320 2270 par-

183 2281 253 2307 tem
286 2273 503 2320 mysticarum
527 2271 776 2311 Homiliarum‚
807 2282 948 2315 quarum
973 2270 1200 2317 Hieronymus
1232 2271 1318 2304 duos

183 2327 431 2352 commemorat
455 2317 584 2351 libros?
630 2317 670 2351 R.
