1413 2482
197 74 264 109 224
530 74 644 108 Pam
669 75 842 108 Dmnms
866 75 999 109 Huni-11

196 164 319 197 deinde
345 163 457 196 dicere
481 163 663 206 Origenem
688 165 752 206 ait,
782 165 905 198 frustra
934 177 970 198 se
994 165 1094 198 fuisse
1119 166 1160 198 ab
1186 165 1326 198 ecclesia

196 225 385 271 dejectum,
419 238 480 258 nec
514 226 622 259 vicem
655 226 842 260 maledictis
872 227 1000 259 referre
1023 227 1129 267 velle,
1160 239 1261 272 seque
1287 227 1326 260 iis

197 300 302 331 usquc
338 287 423 319 adeo
459 287 624 320 abstinere
659 288 789 328 solere,
823 297 864 320 ut
899 287 1070 321 Candidus
1102 288 1325 322 Valentiniani

197 348 362 391 dogmatis
392 357 537 382 sectator
573 349 785 382 occasionem
822 349 900 382 inde
933 359 1050 383 nactus
1081 349 1124 382 sit
1153 349 1328 383 accusandi

196 410 264 451 sui,
290 411 383 455 quod
411 410 584 443 diabolum
611 411 680 458 ejus
706 424 775 444 esse
799 421 936 444 naturae
963 411 1103 451 dixerit,
1135 424 1220 456 quae
1242 412 1329 445 salu-

197 482 265 505 tem
302 472 464 517 consequi
493 473 609 517 possit.
659 474 748 506 Tum
784 473 916 506 initium
957 473 1119 518 epistolae
1155 487 1173 506 a
1203 473 1327 506 Rufino

197 535 480 579 praetermissum,
506 534 732 581 Hieronymus
758 536 892 568 exhibet
915 549 933 568 a
957 548 990 568 se
1017 548 1227 570 conversum.
1260 535 1330 568 Ru-

198 598 267 630 fino
294 607 383 630 certe
409 610 526 642 parum
552 597 606 630 hic
630 611 755 643 aequus
779 607 828 630 est
851 598 1090 644 Hieronymus.
1139 597 1208 631 Cur
1240 596 1329 630 enim

199 673 274 692 cum
300 660 506 692 adulteratos
521 658 676 702 Origenis
702 659 806 692 libros
832 661 934 692 vellet
952 660 1140 699 ostendere,
1165 658 1329 703 epistolae

198 731 326 766 partem
358 734 376 754 a
410 721 588 766 proposito
621 721 763 754 alienam
795 712 1049 766 descripsisset?
1093 721 1142 754 Ex
1176 720 1330 764 epistola,

200 797 300 829 quam
325 784 366 816 ad
391 783 526 816 Patrem
553 783 864 817 Christianae·fidei
899 797 1010 817 caussa
1034 782 1203 828 supplicio
1227 781 1329 814 desti-

197 855 311 878 natum
346 845 444 878 etiam
479 854 550 878 tum
582 859 667 890 puer
697 845 827 890 scripsit
853 845 1032 888 Origenes,
1067 846 1165 878 verba
1196 843 1330 888 aliquot

197 908 323 953 repetit
353 907 519 940 Eusebius
559 907 633 942 libr.
660 908 718 942 VI.
749 908 876 942 Histor.
911 921 981 953 cap.
1007 908 1038 941 2.
1094 907 1213 952 Capite
1248 917 1328 938 vero

198 970 331 1003 decimo
356 983 449 1002 nono
474 969 638 1014 prolixius
655 969 773 1002 recitat
791 971 1014 1012 fragmentum
1032 969 1205 1014 epistolae,
1230 980 1329 1013 quam

197 1032 360 1077 purgandi
384 1031 434 1064 sui
460 1031 562 1073 gratia
586 1032 742 1064 adversus
768 1045 825 1064 eos
861 1031 1076 1076 conscripsit,
1108 1031 1164 1075 qui
1187 1030 1329 1063 nimium

199 1094 268 1138 ejus
300 1093 334 1126 in
360 1092 569 1125 Graecorum
597 1093 790 1138 disciplinas
822 1093 971 1126 studium
1004 1094 1213 1126 damnabant.
1260 1092 1331 1124 De-

197 1156 299 1201 nique
325 1155 492 1197 Georgius
520 1155 710 1196 cedrenus,
741 1156 775 1188 in
799 1156 944 1195 Severo,
970 1155 1134 1199 epistolae
1159 1153 1331 1199 cujusdam

199 1218 354 1260 origenis
378 1227 508 1262 partem
533 1218 600 1257 dat,
626 1217 659 1250 in
686 1231 750 1262 qua
767 1217 890 1250 acriter
914 1218 955 1249 ab
972 1217 1151 1250 Ambrosio
1166 1217 1207 1249 ad
1226 1216 1329 1249 inter-

198 1281 375 1326 pretandas
401 1279 609 1323 Scripturas,
642 1292 679 1312 ac
704 1279 800 1312 nimis
828 1293 926 1324 quam
957 1292 1018 1324 par
1042 1288 1129 1311 esset
1160 1278 1272 1320 urgeri
1294 1290 1330 1311 se

199 1341 427 1387 conqueritur.
464 1341 615 1373 Eandem
640 1353 678 1373 ex
704 1341 858 1374 Cedreno
885 1342 1081 1386 decerptam
1104 1348 1332 1385 repraesentat

199 1404 331 1438 Suidas.
377 1403 427 1436 Ex
459 1402 603 1447 epistola
633 1402 788 1445 Origenis
820 1404 861 1436 ad
894 1402 1058 1436 Photium
1095 1412 1128 1435 et
1161 1402 1329 1435 Andream

197 1467 411 1512 presbyteros
435 1464 636 1509 particulam
661 1466 841 1510 proferunt
866 1465 1010 1498 Catenae
1035 1474 1164 1498 veteres
1188 1464 1224 1496 in
1237 1464 1331 1497 Deu-

196 1538 258 1563 ter.
285 1528 345 1568 16,
368 1526 421 1561 20.
469 1528 594 1560 Verum
611 1528 642 1572 ἔ)
668 1541 786 1572 parum
812 1537 861 1560 est
891 1526 1100 1560 auctoritatis
1125 1526 1159 1559 in
1185 1525 1330 1567 Catenis,

197 1599 233 1622 ut
260 1589 402 1622 diximus
427 1589 522 1621 alibi:
549 1598 583 1621 et
607 1590 720 1635 quoad
744 1589 880 1623 aliunde
897 1590 1034 1623 accedat
1049 1589 1143 1628 fides,
1167 1588 1333 1630 fragmen-

197 1661 268 1684 tum
293 1652 359 1684 hoc
383 1660 684 1696 suspectum-esto,

288 1713 363 1746 Vll.
394 1714 496 1746 Liber
520 1714 561 1746 de
588 1714 752 1747 Oratione
776 1714 911 1747 hortatu
924 1711 1096 1746 Ambrosii
1120 1721 1153 1744 et
1171 1711 1331 1744 Tatianae

198 1775 393 1808 lucubratus
419 1784 478 1808 est.
525 1776 623 1808 Hunc
648 1788 710 1808 nos
736 1788 753 1808 e
777 1788 879 1808 manu
902 1774 1028 1819 scripto
1055 1773 1183 1807 Codice
1199 1773 1331 1807 Biblio-

292 1938 323 1982 ¹)
348 1937 453 1969 Recte
467 1944 583 1968 monet
599 1936 648 1967 vir
661 1936 885 1975 doctissimus,
901 1935 1187 1969 Montefaleonius
1203 1944 1330 1975 noster,

198 1993 430 2028 Bibliothecae
467 1991 690 2024 Coislinianae
731 2005 803 2037 pag.
830 1993 902 2032 41.,
945 1992 1125 2035 Origenem
1167 1991 1330 2023 mendose

199 2051 348 2096 positum
374 2048 473 2082 fuisse
502 2061 564 2092 pro
591 2049 737 2087 Severo,
771 2049 862 2094 cujus
889 2059 1097 2082 memoratur
1121 2047 1264 2093 epistola
1288 2048 1330 2081 ad

200 2107 362 2141 Photium
394 2115 426 2137 et
460 2105 646 2144 Andream,
676 2106 907 2151 presbyteros,
938 2105 970 2137 in
1003 2105 1090 2139 Cod.
1115 2104 1147 2140 8.
1180 2103 1331 2149 ejusdem

199 2162 435 2197 Bibliothecae
474 2161 699 2193 coislinianae
736 2174 808 2208 pagx
833 2162 886 2195 44.
947 2161 1059 2205 Quam
1096 2150 1141 2194 ob
1178 2174 1249 2194 rem
1289 2161 1330 2193 ab

198 2220 304 2252 hocce
329 2217 546 2263 supposititio
571 2218 758 2259 fragmento
783 2218 869 2251 inter
893 2218 1034 2260 genuina
1051 2217 1205 2260 Origenis
1228 2229 1331 2261 opera

199 2275 407 2321 publicando
433 2273 663 2306 abstinuimus.
715 2274 751 2306 R.
