1422 2472
369 110 681 144 Omcsmmoaum
707 108 818 140 Lfflmz
845 108 888 141 11.
1145 106 1185 140 41

65 207 138 230 cto:
166 197 242 231 »Sic
266 210 327 240 ego
354 212 411 230 vos
437 197 517 237 vidi,
541 196 634 241 quasi
649 197 766 230 faciem
793 197 902 229 Deizu
930 208 996 240 quo
1017 195 1188 239 quondam

66 259 167 290 Iacob
192 259 278 292 Esau
303 261 438 292 fratrem
463 273 560 293 suum
575 259 739 299 delinivit,
763 268 799 290 ut
817 268 863 290 est
885 258 1008 290 Genes.
1025 257 1188 296 XXXlll,

67 307 117 353 10.
142 320 270 353 Placati
295 321 344 353 illi
369 334 472 353 unum
499 321 533 353 id
557 330 729 366 praeterea
751 321 934 364 postulant,
958 327 994 350 ut
1018 319 1191 351 damnaret

67 380 220 422 origenis
247 382 367 423 libros,
406 395 551 426 quorum
583 381 740 414 nonnulli
771 394 787 413 a
813 381 888 413 Deo
915 393 1037 424 corpus
1061 379 1188 426 abjudi-

67 443 201 475 cabant:
227 443 297 486 Ego
324 457 414 483 vero,
438 443 559 487 inquit,
583 442 728 474 bominis
751 441 845 474 istius
874 441 1133 481 lucubrationes,
1159 452 1192 474 ct

67 503 124 546 qui
148 516 200 536 eas
224 505 385 547 probant,
411 517 556 536 aversor.
604 509 714 547 Atque
746 503 809 535 hoc
840 503 906 535 fine
936 502 1080 535 stetisset
1112 517 1192 536 con-

68 565 239 604 troversia,
264 565 324 598 nisi
347 568 458 597 statim
483 578 570 597 nova
594 565 635 596 de
661 577 757 596 causa
782 564 1018 596 recruduisset.

155 626 334 659 praeerant
365 625 576 671 Aegyptiacis
606 624 816 657 monasteriis
854 625 915 656 viri
947 635 1092 670 quatuor
1123 626 1193 670 pie—

68 695 132 718 tate
156 688 306 728 nobiles,
329 687 514 720 Dioscorus
529 712 537 727 ,
565 686 778 725 Ammonius,
801 686 982 726 Eusebius,
1009 696 1042 719 et
1065 687 1194 734 Euthy-

69 748 165 786 nnius,
189 749 335 789 germani
360 751 488 788 fratres,
512 758 636 781 statura
663 748 808 793 proceri,
834 748 979 792 ideoque
1005 748 1110 790 Longi
1136 762 1192 781 co-

68 810 269 850 gnominati:
306 811 398 855 quod
426 810 525 842 etiam
550 823 736 852 cognomen
768 809 919 841 habuisse
945 808 1095 853 ipsorum
1119 823 1194 854 par-

68 870 201 903 tiarium
228 871 394 904 isidorum
420 871 588 917 conjicere
614 871 692 904 licet
715 884 752 903 ex
781 871 844 903 isto
871 870 1071 916 Hieronymi
1095 871 1192 915 epist.

67 932 122 966 61.
146 933 188 964 ad
220 933 409 966 Pammach.
444 946 514 977 cap.
542 934 593 967 15.
643 933 714 965 »Et
746 941 855 964 tamen
880 931 941 964 iste
967 931 1194 978 Hieronymus

69 1006 144 1026 cum
176 1007 322 1038 pannosa
353 996 449 1028 turba
481 1004 514 1027 et.
545 994 723 1027 sordidatis
754 993 923 1035 gregibus,
956 993 1034 1037 quid
1062 993 1193 1026 isidoro

70 1054 120 1087 illi
147 1056 310 1089 (ulmineo
335 1070 432 1090 ausus
458 1066 506 1089 est
530 1055 760 1100 respondere?
796 1058 840 1087 At
865 1068 905 1086 ne
929 1055 1018 1086 forte
1043 1054 1100 1086 ille
1125 1069 1194 1087 non

72 1118 242 1158 crederet,
273 1128 306 1150 et
337 1118 547 1162 opprimeret
572 1130 629 1149 eos
656 1116 844 1161 praesentia
868 1126 901 1148 et
925 1116 1015 1147 mole
1041 1116 1194 1160 corporis

72 1178 152 1217 sui,«
181 1188 242 1210 etc.
291 1179 376 1212 Cum
402 1180 519 1210 fratres
549 1178 628 1210 illos
660 1177 838 1222 percharos
863 1176 999 1209 liaberet
1023 1177 1197 1221 Theophi-

74 1239 136 1278 lus,
163 1239 366 1272 Dioscorum
391 1239 643 1283 Hermopoleos
673 1237 846 1270 constituit
870 1238 1087 1282 episcopum;
1110 1239 1195 1271 duos

72 1310 183 1332 autem
211 1300 331 1333 invitos
355 1302 445 1345 apud
469 1315 502 1333 se
529 1300 682 1334 detinuit.
731 1303 840 1344 Atque
873 1301 954 1331 hauc
986 1299 1122 1344 quidem
1149 1300 1196 1332 vi-

73 1370 150 1399 tam,
175 1362 341 1394 desiderio
375 1362 454 1395 licet
486 1362 689 1395 monasticae
723 1361 808 1393 vitae
831 1362 1048 1400 tabescentes,
1073 1361 1197 1393 tolera-

73 1424 162 1462 bant,
188 1424 298 1467 quoad
323 1434 498 1468 perspecta
524 1423 676 1468 episcopi
707 1423 861 1462 avaritia,
891 1422 1062 1454 hominem
1093 1423 1196 1462 exosi,

72 1498 202 1517 rursum
227 1486 259 1518 in
283 1486 502 1519 solitudinem
528 1495 605 1530 post
622 1484 802 1517 triennium
818 1493 1036 1517 secesserunt.
1075 1484 1197 1517 Caussa

74 1560 219 1579 secessus
264 1547 393 1588 cogniiz.
410 1573 419 1586 ,
469 1547 611 1591 pessima
652 1559 804 1591 quaeque
853 1545 997 1577 minatus
1039 1554 1087 1577 est
1131 1545 1196 1579 illis

74 1608 303 1652 Theophilus,
334 1608 511 1653 ipsumque
536 1609 742 1641 Dioscorum
766 1607 908 1640 invisum
936 1607 1061 1640 habuit.
1111 1607 1197 1640 Cum

73 1682 151 1711 ergo
182 1670 541 1714 Anthi-opomorphitis
581 1669 728 1701 infensos
761 1669 850 1714 ipsos
888 1682 926 1701 ex
962 1668 1086 1700 mutuis
1120 1682 1198 1701 con-

73 1731 238 1772 gressibus
261 1730 464 1773 agnovisset;
489 1731 578 1775 apud
603 1731 772 1775 simplices
798 1731 959 1775 quosdam
985 1739 1018 1761 et
1041 1729 1197 1763 indoctos

75 1793 267 1835 monachos,
295 1805 378 1836 quos
406 1792 578 1824 haerescos
603 1791 698 1837 liujus
723 1793 839 1824 affines
865 1805 933 1824 esse
958 1791 1102 1831 sciebat,
1130 1795 1198 1824 An-

75 1854 406 1898 tlu'opomorphitam
431 1867 465 1885 se
490 1855 678 1898 professus,
708 1854 914 1886 Dioscorum
941 1866 1016 1885 cum
1042 1853 1198 1886 fratribus

76 1917 108 1948 in
133 1916 298 1948 contraria
324 1928 392 1948 esse
417 1925 506 1948 secta
531 1916 682 1955 monuit,
709 1926 741 1948 et
765 1929 887 1959 corpus
911 1915 988 1947 Deo
1015 1915 1200 1955 detrahere,

77 1977 256 2018 Origeuem
281 1977 464 2010 sententiae
488 1977 584 2023 hujus
609 1987 787 2022 patronum
812 1986 954 2009 secutos.
997 1977 1031 2008 ln
1047 1978 1200 2009 fraudem

77 2037 126 2069 his
149 2039 359 2071 sermonibus
383 2039 488 2071 illecti
513 2039 594 2071 boni
621 2039 772 2072 hon-ines
790 2040 1006 2080 Dioscorum,
1032 2038 1202 2083 ipsiusque

81 2100 216 2132 asseclas
243 2101 457 2133 veliementer
481 2101 632 2141 aversati,
657 2101 823 2134 invidioso
851 2101 1114 2143 Origenistarum
1141 2113 1202 2131 no-

80 2160 168 2192 mine
193 2161 387 2195 infamantes
413 2163 646 2195 traduxerunt:
673 2177 747 2196 cum
774 2176 830 2195 eos
857 2176 872 2195 e
892 2162 1060 2194 contrario
1085 2162 1202 2193 adver-

82 2222 169 2261 sarii,
194 2224 366 2266 pauciores
392 2223 529 2268 quidem
554 2238 716 2265 numero,
747 2225 803 2257 scd
830 2224 982 2256 doctrina
1009 2233 1039 2254 et
1067 2236 1125 2254 usu
1151 2236 1202 2254 rc-

80 2297 154 2316 rum
188 2284 379 2327 peritiores,
416 2286 781 2331 Autliropomorpliitas
812 2286 1030 2329 appellatum.
1079 2285 1126 2316 lta
1151 2297 1201 2316 se-
