<?xml version="1.0" encoding="UTF-8"?>
<!DOCTYPE html PUBLIC "-//W3C//DTD XHTML 1.0 Transitional//EN"
    "http://www.w3.org/TR/xhtml1/DTD/xhtml1-transitional.dtd">
<html xmlns="http://www.w3.org/1999/xhtml" xml:lang="en" lang="en">
 <head>
  <title>
</title>
<meta http-equiv="Content-Type" content="text/html;charset=utf-8" />
  <meta name='ocr-system' content='tesseract 3.04.00' />
  <meta name='ocr-capabilities' content='ocr_page ocr_carea ocr_par ocr_line ocrx_word'/>
</head>
<body>
  <div class='ocr_page' id='page_1' title='image "./operaomniaquaegr24orig_0306.png"; bbox 0 0 1413 2482; ppageno 0'>
   <div class='ocr_carea' id='block_1_1' title="bbox 201 69 950 105">
    <p class='ocr_par' dir='ltr' id='par_1_1' title="bbox 201 69 950 105">
     <span class='ocr_line' id='line_1_1' title="bbox 201 69 950 105; baseline -0.001 0"><span class='ocrx_word' id='word_1_1' title='bbox 201 71 268 105; x_wconf 73' lang='lat'>290</span> <span class='ocrx_word' id='word_1_2' title='bbox 590 69 713 102; x_wconf 68' lang='lat' dir='ltr'>{turim</span> <span class='ocrx_word' id='word_1_3' title='bbox 741 69 950 104; x_wconf 69' lang='lat' dir='ltr'>PRAEFATtO</span> 
     </span>
    </p>
   </div>
   <div class='ocr_carea' id='block_1_2' title="bbox 202 159 1387 1253">
    <p class='ocr_par' dir='ltr' id='par_1_2' title="bbox 202 159 1387 1253">
     <span class='ocr_line' id='line_1_2' title="bbox 202 159 1331 208; baseline 0.003 -16"><span class='ocrx_word' id='word_1_4' title='bbox 202 160 350 206; x_wconf 80' lang='lat' dir='ltr'>quamvis</span> <span class='ocrx_word' id='word_1_5' title='bbox 376 172 443 191; x_wconf 85' lang='lat' dir='ltr'>non</span> <span class='ocrx_word' id='word_1_6' title='bbox 467 170 575 190; x_wconf 88' lang='lat' dir='ltr'>meam</span> <span class='ocrx_word' id='word_1_7' title='bbox 601 159 642 191; x_wconf 92' lang='lat' dir='ltr'>de</span> <span class='ocrx_word' id='word_1_8' title='bbox 668 171 709 191; x_wconf 90' lang='lat' dir='ltr'>eo</span> <span class='ocrx_word' id='word_1_9' title='bbox 734 160 945 200; x_wconf 86' lang='lat' dir='ltr'>sententiam,</span> <span class='ocrx_word' id='word_1_10' title='bbox 969 161 1026 193; x_wconf 86' lang='lat' dir='ltr'>scd</span> <span class='ocrx_word' id='word_1_11' title='bbox 1049 162 1153 194; x_wconf 81' lang='lat' dir='ltr'>sancti</span> <span class='ocrx_word' id='word_1_12' title='bbox 1178 163 1331 208; x_wconf 85' lang='lat' dir='ltr'>martyris</span> 
     </span>
     <span class='ocr_line' id='line_1_3' title="bbox 204 219 1330 266; baseline 0.001 -12"><span class='ocrx_word' id='word_1_13' title='bbox 204 220 370 266; x_wconf 80' lang='lat' dir='ltr'>Pamphili</span> <span class='ocrx_word' id='word_1_14' title='bbox 394 219 578 252; x_wconf 70' lang='lat' dir='ltr'>sciscitatus</span> <span class='ocrx_word' id='word_1_15' title='bbox 603 221 656 260; x_wconf 76' lang='lat' dir='ltr'>sis,</span> <span class='ocrx_word' id='word_1_16' title='bbox 681 230 713 253; x_wconf 88' lang='lat' dir='ltr'>et</span> <span class='ocrx_word' id='word_1_17' title='bbox 739 221 862 253; x_wconf 87' lang='lat' dir='ltr'>librum</span> <span class='ocrx_word' id='word_1_18' title='bbox 887 221 968 260; x_wconf 85' lang='lat' dir='ltr'>cius,</span> <span class='ocrx_word' id='word_1_19' title='bbox 993 233 1091 266; x_wconf 85' lang='lat' dir='ltr'>quem</span> <span class='ocrx_word' id='word_1_20' title='bbox 1109 235 1172 266; x_wconf 88' lang='lat' dir='ltr'>pro</span> <span class='ocrx_word' id='word_1_21' title='bbox 1185 223 1330 265; x_wconf 77' lang='lat' dir='ltr'>Origene</span> 
     </span>
     <span class='ocr_line' id='line_1_4' title="bbox 205 281 1333 328; baseline 0.001 -13"><span class='ocrx_word' id='word_1_22' title='bbox 205 284 237 316; x_wconf 85' lang='lat' dir='ltr'>in</span> <span class='ocrx_word' id='word_1_23' title='bbox 263 283 394 316; x_wconf 83' lang='lat' dir='ltr'>Graeco</span> <span class='ocrx_word' id='word_1_24' title='bbox 420 281 591 326; x_wconf 73' lang='lat' dir='ltr'><strong>scripsisse</strong></span> <span class='ocrx_word' id='word_1_25' title='bbox 615 283 775 322; x_wconf 74' lang='lat' dir='ltr'>traditur,</span> <span class='ocrx_word' id='word_1_26' title='bbox 801 283 971 315; x_wconf 78' lang='lat' dir='ltr'>transferri</span> <span class='ocrx_word' id='word_1_27' title='bbox 996 283 1056 315; x_wconf 84' lang='lat' dir='ltr'>tibi</span> <span class='ocrx_word' id='word_1_28' title='bbox 1082 285 1276 328; x_wconf 69' lang='lat' dir='ltr'>poposceris</span> <span class='ocrx_word' id='word_1_29' title='bbox 1300 286 1333 317; x_wconf 89' lang='lat' dir='ltr'>iu</span> 
     </span>
     <span class='ocr_line' id='line_1_5' title="bbox 204 344 1333 390; baseline 0.002 -13"><span class='ocrx_word' id='word_1_30' title='bbox 204 344 383 378; x_wconf 73' lang='lat' dir='ltr'>Latinum:</span> <span class='ocrx_word' id='word_1_31' title='bbox 411 353 522 376; x_wconf 81' lang='lat' dir='ltr'>tamen</span> <span class='ocrx_word' id='word_1_32' title='bbox 557 357 625 377; x_wconf 89' lang='lat' dir='ltr'>non</span> <span class='ocrx_word' id='word_1_33' title='bbox 658 344 779 378; x_wconf 87' lang='lat' dir='ltr'>dubito</span> <span class='ocrx_word' id='word_1_34' title='bbox 811 345 942 377; x_wconf 74' lang='lat' dir='ltr'>futuros</span> <span class='ocrx_word' id='word_1_35' title='bbox 967 345 1187 389; x_wconf 79' lang='lat' dir='ltr'>quosdam,¹)</span> <span class='ocrx_word' id='word_1_36' title='bbox 1219 346 1276 390; x_wconf 86' lang='lat' dir='ltr'>qui</span> <span class='ocrx_word' id='word_1_37' title='bbox 1301 355 1333 379; x_wconf 83' lang='lat' dir='ltr'>et</span> 
     </span>
     <span class='ocr_line' id='line_1_6' title="bbox 204 405 1333 451; baseline 0.002 -13"><span class='ocrx_word' id='word_1_38' title='bbox 204 406 237 438; x_wconf 90' lang='lat' dir='ltr'>in</span> <span class='ocrx_word' id='word_1_39' title='bbox 263 418 304 438; x_wconf 89' lang='lat' dir='ltr'>eo</span> <span class='ocrx_word' id='word_1_40' title='bbox 332 405 438 438; x_wconf 83' lang='lat' dir='ltr'>laesos</span> <span class='ocrx_word' id='word_1_41' title='bbox 462 418 496 438; x_wconf 86' lang='lat' dir='ltr'>sc</span> <span class='ocrx_word' id='word_1_42' title='bbox 521 416 659 450; x_wconf 86' lang='lat' dir='ltr'>putent,</span> <span class='ocrx_word' id='word_1_43' title='bbox 690 406 717 439; x_wconf 85' lang='lat' dir='ltr'>si</span> <span class='ocrx_word' id='word_1_44' title='bbox 753 418 814 439; x_wconf 90' lang='lat' dir='ltr'>nos</span> <span class='ocrx_word' id='word_1_45' title='bbox 839 405 966 450; x_wconf 88' lang='lat' dir='ltr'>aliquid</span> <span class='ocrx_word' id='word_1_46' title='bbox 991 419 1053 451; x_wconf 88' lang='lat' dir='ltr'>pro</span> <span class='ocrx_word' id='word_1_47' title='bbox 1080 419 1120 439; x_wconf 87' lang='lat' dir='ltr'>eo</span> <span class='ocrx_word' id='word_1_48' title='bbox 1147 407 1200 439; x_wconf 76' lang='lat' dir='ltr'>vel</span> <span class='ocrx_word' id='word_1_49' title='bbox 1223 407 1333 440; x_wconf 82' lang='lat' dir='ltr'>alieno</span> 
     </span>
     <span class='ocr_line' id='line_1_7' title="bbox 202 466 1336 513; baseline 0.002 -14"><span class='ocrx_word' id='word_1_50' title='bbox 202 479 358 500; x_wconf 82' lang='lat' dir='ltr'>sermone</span> <span class='ocrx_word' id='word_1_51' title='bbox 383 466 542 501; x_wconf 83' lang='lat' dir='ltr'>dicamus.</span> <span class='ocrx_word' id='word_1_52' title='bbox 590 467 687 511; x_wconf 89' lang='lat' dir='ltr'>Quos</span> <span class='ocrx_word' id='word_1_53' title='bbox 711 477 821 500; x_wconf 88' lang='lat' dir='ltr'>tamen</span> <span class='ocrx_word' id='word_1_54' title='bbox 847 477 879 500; x_wconf 85' lang='lat' dir='ltr'>et</span> <span class='ocrx_word' id='word_1_55' title='bbox 903 468 995 512; x_wconf 88' lang='lat' dir='ltr'>ipsos</span> <span class='ocrx_word' id='word_1_56' title='bbox 1020 469 1262 513; x_wconf 80' lang='lat' dir='ltr'>deprecamur,</span> <span class='ocrx_word' id='word_1_57' title='bbox 1285 469 1336 501; x_wconf 87' lang='lat' dir='ltr'>ni-</span> 
     </span>
     <span class='ocr_line' id='line_1_8' title="bbox 203 529 1335 575; baseline 0.001 -13"><span class='ocrx_word' id='word_1_58' title='bbox 203 530 251 562; x_wconf 85' lang='lat' dir='ltr'>hil</span> <span class='ocrx_word' id='word_1_59' title='bbox 276 538 482 574; x_wconf 88' lang='lat' dir='ltr'>praesumto,</span> <span class='ocrx_word' id='word_1_60' title='bbox 507 529 558 561; x_wconf 88' lang='lat' dir='ltr'>vel</span> <span class='ocrx_word' id='word_1_61' title='bbox 574 529 803 573; x_wconf 81' lang='lat' dir='ltr'>praejudicato</span> <span class='ocrx_word' id='word_1_62' title='bbox 823 529 935 562; x_wconf 86' lang='lat' dir='ltr'>animo</span> <span class='ocrx_word' id='word_1_63' title='bbox 955 543 1065 572; x_wconf 81' lang='lat' dir='ltr'>agere:</span> <span class='ocrx_word' id='word_1_64' title='bbox 1089 531 1149 564; x_wconf 88' lang='lat' dir='ltr'>sed</span> <span class='ocrx_word' id='word_1_65' title='bbox 1175 530 1335 575; x_wconf 87' lang='lat' dir='ltr'>quoniam</span> 
     </span>
     <span class='ocr_line' id='line_1_9' title="bbox 203 590 1336 637; baseline 0.001 -13"><span class='ocrx_word' id='word_1_66' title='bbox 203 592 245 624; x_wconf 86' lang='lat' dir='ltr'>ad</span> <span class='ocrx_word' id='word_1_67' title='bbox 270 590 434 636; x_wconf 84' lang='lat' dir='ltr'>judicium</span> <span class='ocrx_word' id='word_1_68' title='bbox 459 590 526 623; x_wconf 80' lang='lat' dir='ltr'>Dei</span> <span class='ocrx_word' id='word_1_69' title='bbox 551 591 681 631; x_wconf 83' lang='lat' dir='ltr'>venturi</span> <span class='ocrx_word' id='word_1_70' title='bbox 705 604 829 632; x_wconf 82' lang='lat' dir='ltr'>sumus,</span> <span class='ocrx_word' id='word_1_71' title='bbox 853 604 921 624; x_wconf 90' lang='lat' dir='ltr'>non</span> <span class='ocrx_word' id='word_1_72' title='bbox 946 591 1112 634; x_wconf 83' lang='lat' dir='ltr'>refugiant</span> <span class='ocrx_word' id='word_1_73' title='bbox 1134 591 1218 625; x_wconf 85' lang='lat' dir='ltr'>scire</span> <span class='ocrx_word' id='word_1_74' title='bbox 1243 593 1336 637; x_wconf 87' lang='lat' dir='ltr'>quod</span> 
     </span>
     <span class='ocr_line' id='line_1_10' title="bbox 205 652 1336 698; baseline 0.003 -14"><span class='ocrx_word' id='word_1_75' title='bbox 205 665 320 685; x_wconf 90' lang='lat' dir='ltr'>verum</span> <span class='ocrx_word' id='word_1_76' title='bbox 345 662 404 692; x_wconf 87' lang='lat' dir='ltr'>est,</span> <span class='ocrx_word' id='word_1_77' title='bbox 428 664 470 684; x_wconf 85' lang='lat' dir='ltr'>ne</span> <span class='ocrx_word' id='word_1_78' title='bbox 482 652 516 698; x_wconf 89' lang='lat'>²)</span> <span class='ocrx_word' id='word_1_79' title='bbox 541 653 629 685; x_wconf 79' lang='lat' dir='ltr'>forte</span> <span class='ocrx_word' id='word_1_80' title='bbox 654 653 843 695; x_wconf 82' lang='lat' dir='ltr'>ignorantes</span> <span class='ocrx_word' id='word_1_81' title='bbox 867 653 1081 698; x_wconf 77' lang='lat' dir='ltr'>delinquant3</span> <span class='ocrx_word' id='word_1_82' title='bbox 1105 654 1163 687; x_wconf 87' lang='lat' dir='ltr'>sed</span> <span class='ocrx_word' id='word_1_83' title='bbox 1183 654 1336 687; x_wconf 75' lang='lat' dir='ltr'>conside-</span> 
     </span>
     <span class='ocr_line' id='line_1_11' title="bbox 203 713 1336 760; baseline 0.001 -13"><span class='ocrx_word' id='word_1_84' title='bbox 203 724 312 747; x_wconf 86' lang='lat' dir='ltr'>rantes</span> <span class='ocrx_word' id='word_1_85' title='bbox 336 714 413 759; x_wconf 84' lang='lat' dir='ltr'>quia</span> <span class='ocrx_word' id='word_1_86' title='bbox 438 713 528 747; x_wconf 85' lang='lat' dir='ltr'>salsis</span> <span class='ocrx_word' id='word_1_87' title='bbox 552 714 840 747; x_wconf 68' lang='lat' dir='ltr'>criminationibus</span> <span class='ocrx_word' id='word_1_88' title='bbox 871 724 1050 760; x_wconf 84' lang='lat' dir='ltr'>percutere</span> <span class='ocrx_word' id='word_1_89' title='bbox 1080 716 1220 748; x_wconf 77' lang='lat' dir='ltr'>fratrum</span> <span class='ocrx_word' id='word_1_90' title='bbox 1245 716 1336 749; x_wconf 72' lang='lat' dir='ltr'>infir-</span> 
     </span>
     <span class='ocr_line' id='line_1_12' title="bbox 204 775 1334 821; baseline 0.001 -11"><span class='ocrx_word' id='word_1_91' title='bbox 204 790 337 810; x_wconf 90' lang='lat' dir='ltr'>morum</span> <span class='ocrx_word' id='word_1_92' title='bbox 364 775 602 816; x_wconf 77' lang='lat' dir='ltr'>conscientias,</span> <span class='ocrx_word' id='word_1_93' title='bbox 641 776 673 809; x_wconf 88' lang='lat' dir='ltr'>in</span> <span class='ocrx_word' id='word_1_94' title='bbox 707 776 875 810; x_wconf 80' lang='lat' dir='ltr'>Christum</span> <span class='ocrx_word' id='word_1_95' title='bbox 907 790 1046 821; x_wconf 81' lang='lat' dir='ltr'>peccare</span> <span class='ocrx_word' id='word_1_96' title='bbox 1074 787 1139 817; x_wconf 82' lang='lat' dir='ltr'>cst,</span> <span class='ocrx_word' id='word_1_97' title='bbox 1162 778 1241 811; x_wconf 86' lang='lat' dir='ltr'>ideo</span> <span class='ocrx_word' id='word_1_98' title='bbox 1266 791 1334 812; x_wconf 93' lang='lat' dir='ltr'>non</span> 
     </span>
     <span class='ocr_line' id='line_1_13' title="bbox 205 838 1337 878; baseline 0.001 -6"><span class='ocrx_word' id='word_1_99' title='bbox 205 839 465 872; x_wconf 84' lang='lat' dir='ltr'>accommodent</span> <span class='ocrx_word' id='word_1_100' title='bbox 490 838 760 871; x_wconf 80' lang='lat' dir='ltr'>criminatoribus</span> <span class='ocrx_word' id='word_1_101' title='bbox 783 850 897 871; x_wconf 88' lang='lat' dir='ltr'>aurem</span> <span class='ocrx_word' id='word_1_102' title='bbox 922 851 1027 878; x_wconf 87' lang='lat' dir='ltr'>suam,</span> <span class='ocrx_word' id='word_1_103' title='bbox 1051 851 1112 873; x_wconf 88' lang='lat' dir='ltr'>nec</span> <span class='ocrx_word' id='word_1_104' title='bbox 1136 840 1177 872; x_wconf 86' lang='lat' dir='ltr'>ab</span> <span class='ocrx_word' id='word_1_105' title='bbox 1202 840 1268 873; x_wconf 85' lang='lat' dir='ltr'>alio</span> <span class='ocrx_word' id='word_1_106' title='bbox 1286 841 1337 873; x_wconf 86' lang='lat' dir='ltr'>di-</span> 
     </span>
     <span class='ocr_line' id='line_1_14' title="bbox 205 899 1334 946; baseline 0 -12"><span class='ocrx_word' id='word_1_107' title='bbox 205 910 297 934; x_wconf 81' lang='lat' dir='ltr'>scant</span> <span class='ocrx_word' id='word_1_108' title='bbox 321 900 457 933; x_wconf 82' lang='lat' dir='ltr'>alterius</span> <span class='ocrx_word' id='word_1_109' title='bbox 482 899 597 940; x_wconf 83' lang='lat' dir='ltr'>fidem,</span> <span class='ocrx_word' id='word_1_110' title='bbox 621 899 763 932; x_wconf 81' lang='lat' dir='ltr'>maxime</span> <span class='ocrx_word' id='word_1_111' title='bbox 792 914 866 932; x_wconf 86' lang='lat' dir='ltr'>cum</span> <span class='ocrx_word' id='word_1_112' title='bbox 894 913 1007 933; x_wconf 83' lang='lat' dir='ltr'>coram</span> <span class='ocrx_word' id='word_1_113' title='bbox 1033 900 1174 946; x_wconf 80' lang='lat' dir='ltr'>experiri</span> <span class='ocrx_word' id='word_1_114' title='bbox 1204 902 1247 934; x_wconf 85' lang='lat' dir='ltr'>sit</span> <span class='ocrx_word' id='word_1_115' title='bbox 1278 915 1334 934; x_wconf 86' lang='lat' dir='ltr'>co-</span> 
     </span>
     <span class='ocr_line' id='line_1_15' title="bbox 204 960 1334 1009; baseline 0 -13"><span class='ocrx_word' id='word_1_116' title='bbox 204 963 270 1008; x_wconf 84' lang='lat' dir='ltr'>pia,</span> <span class='ocrx_word' id='word_1_117' title='bbox 295 973 329 996; x_wconf 84' lang='lat' dir='ltr'>ct</span> <span class='ocrx_word' id='word_1_118' title='bbox 353 963 419 995; x_wconf 89' lang='lat' dir='ltr'>oris</span> <span class='ocrx_word' id='word_1_119' title='bbox 442 960 493 994; x_wconf 83' lang='lat' dir='ltr'>sui</span> <span class='ocrx_word' id='word_1_120' title='bbox 518 961 685 994; x_wconf 83' lang='lat' dir='ltr'>confessio</span> <span class='ocrx_word' id='word_1_121' title='bbox 711 961 790 1005; x_wconf 77' lang='lat' dir='ltr'>quid</span> <span class='ocrx_word' id='word_1_122' title='bbox 803 962 836 1006; x_wconf 78' lang='lat'>³)</span> <span class='ocrx_word' id='word_1_123' title='bbox 862 962 916 993; x_wconf 81' lang='lat' dir='ltr'>vel</span> <span class='ocrx_word' id='word_1_124' title='bbox 941 961 1083 1006; x_wconf 87' lang='lat' dir='ltr'>qualiter</span> <span class='ocrx_word' id='word_1_125' title='bbox 1107 963 1334 1009; x_wconf 66' lang='lat' dir='ltr'>unusquisque.</span> 
     </span>
     <span class='ocr_line' id='line_1_16' title="bbox 205 1017 1387 1070; baseline 0.001 -13"><span class='ocrx_word' id='word_1_126' title='bbox 205 1023 359 1067; x_wconf 76' lang='lat' dir='ltr'>credit⁴)</span> <span class='ocrx_word' id='word_1_127' title='bbox 384 1022 547 1056; x_wconf 80' lang='lat' dir='ltr'>ostendat.</span> <span class='ocrx_word' id='word_1_128' title='bbox 594 1022 652 1056; x_wconf 82' lang='lat' dir='ltr'>Sic</span> <span class='ocrx_word' id='word_1_129' title='bbox 676 1024 764 1055; x_wconf 85' lang='lat' dir='ltr'>enim</span> <span class='ocrx_word' id='word_1_130' title='bbox 789 1017 953 1067; x_wconf 79' lang='lat' dir='ltr'>scriptum</span> <span class='ocrx_word' id='word_1_131' title='bbox 978 1032 1038 1062; x_wconf 85' lang='lat' dir='ltr'>est,</span> <span class='ocrx_word' id='word_1_132' title='bbox 1062 1023 1139 1068; x_wconf 88' lang='lat' dir='ltr'>quia</span> <span class='ocrx_word' id='word_1_133' title='bbox 1165 1026 1287 1058; x_wconf 72' lang='lat' dir='ltr'>„corde</span> <span class='ocrx_word' id='word_1_134' title='bbox 1302 1026 1334 1070; x_wconf 81' lang='lat'>⁵)</span> <span class='ocrx_word' id='word_1_135' title='bbox 1381 1045 1387 1050; x_wconf 91' lang='lat'><strong>·</strong></span> 
     </span>
     <span class='ocr_line' id='line_1_17' title="bbox 204 1083 1333 1130; baseline 0 -11"><span class='ocrx_word' id='word_1_136' title='bbox 204 1085 352 1119; x_wconf 80' lang='lat' dir='ltr'>creditur</span> <span class='ocrx_word' id='word_1_137' title='bbox 375 1084 417 1117; x_wconf 80' lang='lat' dir='ltr'>ad</span> <span class='ocrx_word' id='word_1_138' title='bbox 441 1083 614 1130; x_wconf 81' lang='lat' dir='ltr'>justitiam,</span> <span class='ocrx_word' id='word_1_139' title='bbox 639 1085 706 1117; x_wconf 86' lang='lat' dir='ltr'>oris</span> <span class='ocrx_word' id='word_1_140' title='bbox 721 1093 833 1117; x_wconf 84' lang='lat' dir='ltr'>autem</span> <span class='ocrx_word' id='word_1_141' title='bbox 849 1084 1017 1116; x_wconf 83' lang='lat' dir='ltr'>confessio</span> <span class='ocrx_word' id='word_1_142' title='bbox 1033 1085 1076 1117; x_wconf 86' lang='lat' dir='ltr'>sit</span> <span class='ocrx_word' id='word_1_143' title='bbox 1096 1085 1138 1118; x_wconf 85' lang='lat' dir='ltr'>ad</span> <span class='ocrx_word' id='word_1_144' title='bbox 1153 1087 1293 1120; x_wconf 82' lang='lat' dir='ltr'>salutem</span> <span class='ocrx_word' id='word_1_145' title='bbox 1305 1101 1333 1120; x_wconf 73' lang='lat' dir='ltr'>:u</span> 
     </span>
     <span class='ocr_line' id='line_1_18' title="bbox 204 1138 1333 1192; baseline 0.002 -12"><span class='ocrx_word' id='word_1_146' title='bbox 204 1157 253 1180; x_wconf 87' lang='lat' dir='ltr'>et:</span> <span class='ocrx_word' id='word_1_147' title='bbox 281 1159 339 1179; x_wconf 78' lang='lat' dir='ltr'>»ex</span> <span class='ocrx_word' id='word_1_148' title='bbox 351 1146 385 1191; x_wconf 78' lang='lat'>⁶)</span> <span class='ocrx_word' id='word_1_149' title='bbox 411 1146 519 1178; x_wconf 81' lang='lat' dir='ltr'>verbis</span> <span class='ocrx_word' id='word_1_150' title='bbox 544 1146 610 1179; x_wconf 87' lang='lat' dir='ltr'>suis</span> <span class='ocrx_word' id='word_1_151' title='bbox 635 1146 862 1192; x_wconf 86' lang='lat' dir='ltr'>unusquisque</span> <span class='ocrx_word' id='word_1_152' title='bbox 878 1138 1124 1192; x_wconf 81' lang='lat' dir='ltr'>justificabitur,</span> <span class='ocrx_word' id='word_1_153' title='bbox 1150 1158 1236 1181; x_wconf 88' lang='lat' dir='ltr'>etex</span> <span class='ocrx_word' id='word_1_154' title='bbox 1263 1163 1333 1182; x_wconf 88' lang='lat' dir='ltr'>vcr-</span> 
     </span>
     <span class='ocr_line' id='line_1_19' title="bbox 204 1207 1333 1253; baseline 0.003 -11"><span class='ocrx_word' id='word_1_155' title='bbox 204 1210 254 1242; x_wconf 89' lang='lat' dir='ltr'>bis</span> <span class='ocrx_word' id='word_1_156' title='bbox 286 1208 353 1242; x_wconf 90' lang='lat' dir='ltr'>suis</span> <span class='ocrx_word' id='word_1_157' title='bbox 385 1207 697 1242; x_wconf 84' lang='lat' dir='ltr'>condemnabitur.«</span> <span class='ocrx_word' id='word_1_158' title='bbox 748 1207 906 1251; x_wconf 83' lang='lat' dir='ltr'>Qualiter</span> <span class='ocrx_word' id='word_1_159' title='bbox 919 1209 952 1253; x_wconf 89' lang='lat'>⁷)</span> <span class='ocrx_word' id='word_1_160' title='bbox 986 1220 1064 1251; x_wconf 83' lang='lat' dir='ltr'>ergo</span> <span class='ocrx_word' id='word_1_161' title='bbox 1099 1209 1261 1253; x_wconf 85' lang='lat' dir='ltr'>Origenes</span> <span class='ocrx_word' id='word_1_162' title='bbox 1292 1213 1333 1245; x_wconf 87' lang='lat' dir='ltr'>de</span> 
     </span>
    </p>
   </div>
   <div class='ocr_carea' id='block_1_3' title="bbox 204 1270 1334 1315">
    <p class='ocr_par' dir='ltr' id='par_1_3' title="bbox 204 1270 1334 1315">
     <span class='ocr_line' id='line_1_20' title="bbox 204 1270 1334 1315; baseline 0.003 -11"><span class='ocrx_word' id='word_1_163' title='bbox 204 1270 339 1313; x_wconf 82' lang='lat' dir='ltr'>singulis</span> <span class='ocrx_word' id='word_1_164' title='bbox 364 1270 518 1315; x_wconf 87' lang='lat' dir='ltr'>capitulis</span> <span class='ocrx_word' id='word_1_165' title='bbox 543 1272 731 1304; x_wconf 81' lang='lat' dir='ltr'>sanctarum</span> <span class='ocrx_word' id='word_1_166' title='bbox 763 1270 1013 1315; x_wconf 79' lang='lat' dir='ltr'>Scripturarum</span> <span class='ocrx_word' id='word_1_167' title='bbox 1049 1272 1206 1314; x_wconf 81' lang='lat' dir='ltr'>senserit,</span> <span class='ocrx_word' id='word_1_168' title='bbox 1237 1282 1334 1307; x_wconf 90' lang='lat' dir='ltr'>tenor</span> 
     </span>
    </p>
   </div>
   <div class='ocr_carea' id='block_1_4' title="bbox 223 1361 400 1366">
    <p class='ocr_par' dir='ltr' id='par_1_4' title="bbox 223 1361 400 1366">
     <span class='ocr_line' id='line_1_21' title="bbox 223 1361 400 1366; baseline 0 0"><span class='ocrx_word' id='word_1_169' title='bbox 223 1361 400 1366; x_wconf 95' lang='lat' dir='ltr'> </span> 
     </span>
    </p>
   </div>
   <div class='ocr_carea' id='block_1_5' title="bbox 206 1415 1332 1518">
    <p class='ocr_par' dir='ltr' id='par_1_5' title="bbox 206 1415 1332 1518">
     <span class='ocr_line' id='line_1_22' title="bbox 299 1415 1332 1464; baseline 0.002 -14"><span class='ocrx_word' id='word_1_170' title='bbox 299 1417 330 1462; x_wconf 93' lang='lat'>¹)</span> <span class='ocrx_word' id='word_1_171' title='bbox 356 1416 536 1450; x_wconf 83' lang='lat' dir='ltr'>Omittitur</span> <span class='ocrx_word' id='word_1_172' title='bbox 559 1417 720 1460; x_wconf 83' lang='lat' dir='ltr'>quosdam</span> <span class='ocrx_word' id='word_1_173' title='bbox 750 1415 784 1448; x_wconf 85' lang='lat' dir='ltr'>in</span> <span class='ocrx_word' id='word_1_174' title='bbox 809 1416 907 1449; x_wconf 79' lang='lat' dir='ltr'>editis</span> <span class='ocrx_word' id='word_1_175' title='bbox 939 1417 987 1462; x_wconf 84' lang='lat' dir='ltr'>(v.</span> <span class='ocrx_word' id='word_1_176' title='bbox 1013 1430 1040 1451; x_wconf 90' lang='lat' dir='ltr'>c.</span> <span class='ocrx_word' id='word_1_177' title='bbox 1066 1418 1141 1451; x_wconf 81' lang='lat' dir='ltr'>edd.</span> <span class='ocrx_word' id='word_1_178' title='bbox 1167 1419 1332 1464; x_wconf 87' lang='lat' dir='ltr'>Merlin.),</span> 
     </span>
     <span class='ocr_line' id='line_1_23' title="bbox 206 1472 700 1518; baseline -0.006 -11"><span class='ocrx_word' id='word_1_179' title='bbox 206 1475 263 1507; x_wconf 88' lang='lat' dir='ltr'>sed</span> <span class='ocrx_word' id='word_1_180' title='bbox 288 1474 467 1518; x_wconf 86' lang='lat' dir='ltr'>suppletur</span> <span class='ocrx_word' id='word_1_181' title='bbox 491 1485 530 1504; x_wconf 87' lang='lat' dir='ltr'>ex</span> <span class='ocrx_word' id='word_1_182' title='bbox 554 1472 633 1505; x_wconf 85' lang='lat' dir='ltr'>Mss.</span> <span class='ocrx_word' id='word_1_183' title='bbox 660 1472 700 1504; x_wconf 83' lang='lat' dir='ltr'>R.</span> 
     </span>
    </p>
   </div>
   <div class='ocr_carea' id='block_1_6' title="bbox 296 1527 1332 1576">
    <p class='ocr_par' dir='ltr' id='par_1_6' title="bbox 296 1527 1332 1576">
     <span class='ocr_line' id='line_1_24' title="bbox 296 1527 1332 1576; baseline 0.005 -14"><span class='ocrx_word' id='word_1_184' title='bbox 296 1530 331 1575; x_wconf 88' lang='lat'>²)</span> <span class='ocrx_word' id='word_1_185' title='bbox 357 1529 437 1562; x_wconf 88' lang='lat' dir='ltr'>Mss.</span> <span class='ocrx_word' id='word_1_186' title='bbox 469 1528 640 1574; x_wconf 80' lang='lat' dir='ltr'>plerique:</span> <span class='ocrx_word' id='word_1_187' title='bbox 679 1541 720 1562; x_wconf 84' lang='lat' dir='ltr'>ne</span> <span class='ocrx_word' id='word_1_188' title='bbox 756 1531 846 1573; x_wconf 73' lang='lat' dir='ltr'>sorte</span> <span class='ocrx_word' id='word_1_189' title='bbox 874 1527 1070 1573; x_wconf 69' lang='lat' dir='ltr'>iqn&#39;orantes</span> <span class='ocrx_word' id='word_1_190' title='bbox 1101 1534 1189 1576; x_wconf 79' lang='lat' dir='ltr'>quod</span> <span class='ocrx_word' id='word_1_191' title='bbox 1217 1546 1332 1568; x_wconf 80' lang='lat' dir='ltr'>verum</span> 
     </span>
    </p>
   </div>
   <div class='ocr_carea' id='block_1_7' title="bbox 203 1585 1332 1743">
    <p class='ocr_par' dir='ltr' id='par_1_7' title="bbox 203 1585 1332 1743">
     <span class='ocr_line' id='line_1_25' title="bbox 203 1585 1332 1634; baseline 0.003 -13"><span class='ocrx_word' id='word_1_192' title='bbox 203 1595 262 1629; x_wconf 80' lang='lat' dir='ltr'>est,</span> <span class='ocrx_word' id='word_1_193' title='bbox 288 1587 542 1620; x_wconf 74' lang='lat' dir='ltr'>considerantes</span> <span class='ocrx_word' id='word_1_194' title='bbox 567 1585 626 1629; x_wconf 81' lang='lat' dir='ltr'>(al.</span> <span class='ocrx_word' id='word_1_195' title='bbox 651 1586 985 1631; x_wconf 80' lang='lat' dir='ltr'>considerantesque)</span> <span class='ocrx_word' id='word_1_196' title='bbox 1010 1589 1094 1631; x_wconf 69' lang='lat' dir='ltr'>quia</span> <span class='ocrx_word' id='word_1_197' title='bbox 1116 1608 1160 1613; x_wconf 98' lang='lat'>—</span> <span class='ocrx_word' id='word_1_198' title='bbox 1187 1602 1332 1634; x_wconf 81' lang='lat' dir='ltr'>peccare</span> 
     </span>
     <span class='ocr_line' id='line_1_26' title="bbox 204 1640 1328 1690; baseline 0.003 -13"><span class='ocrx_word' id='word_1_199' title='bbox 204 1652 263 1677; x_wconf 77' lang='lat' dir='ltr'>est.</span> <span class='ocrx_word' id='word_1_200' title='bbox 311 1642 357 1677; x_wconf 87' lang='lat' dir='ltr'>Et</span> <span class='ocrx_word' id='word_1_201' title='bbox 379 1640 455 1676; x_wconf 72' lang='lat' dir='ltr'>idco</span> <span class='ocrx_word' id='word_1_202' title='bbox 481 1651 541 1674; x_wconf 87' lang='lat' dir='ltr'>ctc.</span> <span class='ocrx_word' id='word_1_203' title='bbox 587 1641 679 1674; x_wconf 64' lang='lat' dir='ltr'>Edit?</span> <span class='ocrx_word' id='word_1_204' title='bbox 711 1642 758 1685; x_wconf 92' lang='lat' dir='ltr'>(v.</span> <span class='ocrx_word' id='word_1_205' title='bbox 785 1657 813 1675; x_wconf 89' lang='lat' dir='ltr'>c.</span> <span class='ocrx_word' id='word_1_206' title='bbox 839 1643 914 1676; x_wconf 83' lang='lat' dir='ltr'>edd.</span> <span class='ocrx_word' id='word_1_207' title='bbox 941 1643 1005 1686; x_wconf 85' lang='lat' dir='ltr'>M.)</span> <span class='ocrx_word' id='word_1_208' title='bbox 1038 1656 1080 1677; x_wconf 84' lang='lat' dir='ltr'>ne</span> <span class='ocrx_word' id='word_1_209' title='bbox 1108 1646 1198 1686; x_wconf 78' lang='lat' dir='ltr'>sorte</span> <span class='ocrx_word' id='word_1_210' title='bbox 1227 1658 1328 1690; x_wconf 70' lang='lat' dir='ltr'>tyno-</span> 
     </span>
     <span class='ocr_line' id='line_1_27' title="bbox 204 1700 1328 1743; baseline 0.003 -10"><span class='ocrx_word' id='word_1_211' title='bbox 204 1707 318 1733; x_wconf 71' lang='lat' dir='ltr'>rantes</span> <span class='ocrx_word' id='word_1_212' title='bbox 350 1700 571 1743; x_wconf 75' lang='lat' dir='ltr'>delinquant,</span> <span class='ocrx_word' id='word_1_213' title='bbox 615 1700 868 1732; x_wconf 77' lang='lat' dir='ltr'>considerantes</span> <span class='ocrx_word' id='word_1_214' title='bbox 906 1700 992 1743; x_wconf 74' lang='lat' dir='ltr'>quia</span> <span class='ocrx_word' id='word_1_215' title='bbox 1022 1719 1065 1724; x_wconf 88' lang='lat'>—-</span> <span class='ocrx_word' id='word_1_216' title='bbox 1093 1712 1239 1743; x_wconf 79' lang='lat' dir='ltr'>peccare</span> <span class='ocrx_word' id='word_1_217' title='bbox 1271 1710 1328 1736; x_wconf 79' lang='lat' dir='ltr'>est.</span> 
     </span>
    </p>
   </div>
   <div class='ocr_carea' id='block_1_8' title="bbox 197 1754 1330 2293">
    <p class='ocr_par' dir='ltr' id='par_1_8' title="bbox 200 1754 1330 1958">
     <span class='ocr_line' id='line_1_28' title="bbox 205 1754 1329 1798; baseline 0.003 -9"><span class='ocrx_word' id='word_1_218' title='bbox 205 1758 248 1789; x_wconf 75' lang='lat' dir='ltr'>Et</span> <span class='ocrx_word' id='word_1_219' title='bbox 272 1757 345 1788; x_wconf 64' lang='lat' dir='ltr'>ideo</span> <span class='ocrx_word' id='word_1_220' title='bbox 376 1764 440 1787; x_wconf 82' lang='lat' dir='ltr'>etc.</span> <span class='ocrx_word' id='word_1_221' title='bbox 494 1754 562 1787; x_wconf 73' lang='lat' dir='ltr'>Sed</span> <span class='ocrx_word' id='word_1_222' title='bbox 592 1754 713 1786; x_wconf 84' lang='lat' dir='ltr'>rectius</span> <span class='ocrx_word' id='word_1_223' title='bbox 746 1754 847 1787; x_wconf 85' lang='lat' dir='ltr'>Mser.</span> <span class='ocrx_word' id='word_1_224' title='bbox 877 1767 961 1786; x_wconf 88' lang='lat' dir='ltr'>unus</span> <span class='ocrx_word' id='word_1_225' title='bbox 997 1764 1033 1786; x_wconf 92' lang='lat' dir='ltr'>ut</span> <span class='ocrx_word' id='word_1_226' title='bbox 1063 1754 1095 1787; x_wconf 88' lang='lat' dir='ltr'>in</span> <span class='ocrx_word' id='word_1_227' title='bbox 1128 1765 1237 1798; x_wconf 81' lang='lat' dir='ltr'>textu,</span> <span class='ocrx_word' id='word_1_228' title='bbox 1267 1759 1329 1792; x_wconf 87' lang='lat' dir='ltr'>nisi</span> 
     </span>
     <span class='ocr_line' id='line_1_29' title="bbox 202 1801 1330 1855; baseline 0.004 -11"><span class='ocrx_word' id='word_1_229' title='bbox 202 1813 289 1844; x_wconf 82' lang='lat' dir='ltr'>forte</span> <span class='ocrx_word' id='word_1_230' title='bbox 316 1811 492 1853; x_wconf 84' lang='lat' dir='ltr'>legendum</span> <span class='ocrx_word' id='word_1_231' title='bbox 518 1810 575 1842; x_wconf 88' lang='lat' dir='ltr'>sit:</span> <span class='ocrx_word' id='word_1_232' title='bbox 603 1801 649 1842; x_wconf 45' lang='lat' dir='ltr'>&#39;ne</span> <span class='ocrx_word' id='word_1_233' title='bbox 681 1812 770 1852; x_wconf 78' lang='lat' dir='ltr'>sorte</span> <span class='ocrx_word' id='word_1_234' title='bbox 801 1812 997 1854; x_wconf 70' lang='lat' dir='ltr'>iquoranles</span> <span class='ocrx_word' id='word_1_235' title='bbox 1021 1811 1241 1855; x_wconf 77' lang='lat' dir='ltr'>‹Ielinquant;</span> <span class='ocrx_word' id='word_1_236' title='bbox 1272 1816 1330 1848; x_wconf 85' lang='lat' dir='ltr'>sed</span> 
     </span>
     <span class='ocr_line' id='line_1_30' title="bbox 200 1866 1329 1911; baseline 0.002 -9"><span class='ocrx_word' id='word_1_237' title='bbox 200 1869 422 1908; x_wconf 75' lang='lat' dir='ltr'>considerent,</span> <span class='ocrx_word' id='word_1_238' title='bbox 448 1867 535 1911; x_wconf 68' lang='lat' dir='ltr'>(veh</span> <span class='ocrx_word' id='word_1_239' title='bbox 561 1866 854 1910; x_wconf 66' lang='lat' dir='ltr'>considerentque)</span> <span class='ocrx_word' id='word_1_240' title='bbox 878 1867 961 1909; x_wconf 76' lang='lat' dir='ltr'>quia</span> <span class='ocrx_word' id='word_1_241' title='bbox 978 1885 1017 1890; x_wconf 94' lang='lat'><strong>—</strong></span> <span class='ocrx_word' id='word_1_242' title='bbox 1033 1879 1177 1910; x_wconf 82' lang='lat' dir='ltr'>peccare</span> <span class='ocrx_word' id='word_1_243' title='bbox 1200 1876 1258 1903; x_wconf 83' lang='lat' dir='ltr'>est.</span> <span class='ocrx_word' id='word_1_244' title='bbox 1282 1871 1329 1904; x_wconf 87' lang='lat' dir='ltr'>Et</span> 
     </span>
     <span class='ocr_line' id='line_1_31' title="bbox 200 1915 760 1958; baseline -0.007 0"><span class='ocrx_word' id='word_1_245' title='bbox 200 1927 273 1958; x_wconf 72' lang='lat' dir='ltr'>ideo</span> <span class='ocrx_word' id='word_1_246' title='bbox 297 1932 359 1956; x_wconf 85' lang='lat' dir='ltr'>etc.</span> <span class='ocrx_word' id='word_1_247' title='bbox 387 1923 426 1955; x_wconf 68' lang='lat' dir='ltr'>l‘t.</span> <span class='ocrx_word' id='word_1_248' title='bbox 754 1915 760 1918; x_wconf 42' lang='lat'><strong><em>⁴</em></strong></span> 
     </span>
    </p>

    <p class='ocr_par' dir='ltr' id='par_1_9' title="bbox 293 1972 1066 2022">
     <span class='ocr_line' id='line_1_32' title="bbox 293 1972 1066 2022; baseline 0 -10"><span class='ocrx_word' id='word_1_249' title='bbox 293 1981 328 2022; x_wconf 85' lang='lat'>³)</span> <span class='ocrx_word' id='word_1_250' title='bbox 351 1979 438 2012; x_wconf 82' lang='lat' dir='ltr'><strong>Edd.</strong></span> <span class='ocrx_word' id='word_1_251' title='bbox 463 1978 510 2011; x_wconf 87' lang='lat' dir='ltr'>M.</span> <span class='ocrx_word' id='word_1_252' title='bbox 535 1972 603 2021; x_wconf 60' lang='lat' dir='ltr'>qui.</span> <span class='ocrx_word' id='word_1_253' title='bbox 700 1977 734 2021; x_wconf 58' lang='grc'>4)</span> <span class='ocrx_word' id='word_1_254' title='bbox 759 1977 846 2011; x_wconf 83' lang='lat' dir='ltr'><strong>Edd.</strong></span> <span class='ocrx_word' id='word_1_255' title='bbox 875 1977 923 2010; x_wconf 85' lang='lat' dir='ltr'>M.</span> <span class='ocrx_word' id='word_1_256' title='bbox 948 1979 1066 2012; x_wconf 73' lang='lat' dir='ltr'>eredit.</span> 
     </span>
    </p>

    <p class='ocr_par' dir='ltr' id='par_1_10' title="bbox 291 2033 1234 2080">
     <span class='ocr_line' id='line_1_33' title="bbox 291 2033 1234 2080; baseline 0.001 -13"><span class='ocrx_word' id='word_1_257' title='bbox 291 2037 324 2080; x_wconf 47' lang='grc' dir='ltr'>ᾗ)</span> <span class='ocrx_word' id='word_1_258' title='bbox 350 2035 419 2069; x_wconf 82' lang='lat' dir='ltr'>Csr.</span> <span class='ocrx_word' id='word_1_259' title='bbox 444 2035 542 2067; x_wconf 79' lang='lat' dir='ltr'>Rom.</span> <span class='ocrx_word' id='word_1_260' title='bbox 567 2034 609 2072; x_wconf 88' lang='lat' dir='ltr'>X,</span> <span class='ocrx_word' id='word_1_261' title='bbox 636 2034 688 2068; x_wconf 89' lang='lat'>10.</span> <span class='ocrx_word' id='word_1_262' title='bbox 783 2034 818 2078; x_wconf 83' lang='lat'>⁶)</span> <span class='ocrx_word' id='word_1_263' title='bbox 844 2033 912 2066; x_wconf 83' lang='lat' dir='ltr'>Cfr.</span> <span class='ocrx_word' id='word_1_264' title='bbox 938 2034 1058 2069; x_wconf 83' lang='lat' dir='ltr'>Matth.</span> <span class='ocrx_word' id='word_1_265' title='bbox 1081 2035 1158 2076; x_wconf 85' lang='grc' dir='ltr'>ΧΠ,</span> <span class='ocrx_word' id='word_1_266' title='bbox 1182 2035 1234 2071; x_wconf 89' lang='grc'>37.</span> 
     </span>
    </p>

    <p class='ocr_par' dir='ltr' id='par_1_11' title="bbox 197 2089 1322 2293">
     <span class='ocr_line' id='line_1_34' title="bbox 292 2089 1322 2137; baseline 0.003 -13"><span class='ocrx_word' id='word_1_267' title='bbox 292 2092 325 2137; x_wconf 80' lang='lat'>⁷)</span> <span class='ocrx_word' id='word_1_268' title='bbox 351 2091 407 2125; x_wconf 82' lang='lat' dir='ltr'>Sic</span> <span class='ocrx_word' id='word_1_269' title='bbox 431 2091 522 2124; x_wconf 85' lang='lat' dir='ltr'>Mser</span> <span class='ocrx_word' id='word_1_270' title='bbox 555 2090 772 2123; x_wconf 78' lang='lat' dir='ltr'>sorbonicus.</span> <span class='ocrx_word' id='word_1_271' title='bbox 822 2089 934 2123; x_wconf 75' lang='lat' dir='ltr'>Ceteri</span> <span class='ocrx_word' id='word_1_272' title='bbox 966 2102 1046 2122; x_wconf 89' lang='lat' dir='ltr'>vero</span> <span class='ocrx_word' id='word_1_273' title='bbox 1079 2092 1158 2125; x_wconf 87' lang='lat' dir='ltr'>Mss.</span> <span class='ocrx_word' id='word_1_274' title='bbox 1184 2102 1216 2125; x_wconf 81' lang='lat' dir='ltr'>et</span> <span class='ocrx_word' id='word_1_275' title='bbox 1241 2093 1322 2127; x_wconf 80' lang='lat' dir='ltr'>editi</span> 
     </span>
     <span class='ocr_line' id='line_1_35' title="bbox 200 2147 1322 2193; baseline 0.002 -13"><span class='ocrx_word' id='word_1_276' title='bbox 200 2152 245 2193; x_wconf 85' lang='lat' dir='ltr'>(e.</span> <span class='ocrx_word' id='word_1_277' title='bbox 271 2162 298 2181; x_wconf 87' lang='lat' dir='ltr'>c.</span> <span class='ocrx_word' id='word_1_278' title='bbox 324 2148 399 2180; x_wconf 79' lang='lat' dir='ltr'>edd.</span> <span class='ocrx_word' id='word_1_279' title='bbox 426 2147 489 2190; x_wconf 27' lang='lat' dir='ltr'>Mt)</span> <span class='ocrx_word' id='word_1_280' title='bbox 516 2147 672 2188; x_wconf 76' lang='lat' dir='ltr'>Qualiter</span> <span class='ocrx_word' id='word_1_281' title='bbox 695 2160 773 2191; x_wconf 71' lang='lat' dir='ltr'>erqo</span> <span class='ocrx_word' id='word_1_282' title='bbox 796 2148 921 2180; x_wconf 76' lang='lat' dir='ltr'>sentiat</span> <span class='ocrx_word' id='word_1_283' title='bbox 945 2147 1043 2190; x_wconf 83' lang='lat' dir='ltr'>(Mss.</span> <span class='ocrx_word' id='word_1_284' title='bbox 1068 2147 1136 2180; x_wconf 88' lang='lat' dir='ltr'>duo</span> <span class='ocrx_word' id='word_1_285' title='bbox 1163 2148 1322 2182; x_wconf 75' lang='lat' dir='ltr'>omittunt</span> 
     </span>
     <span class='ocr_line' id='line_1_36' title="bbox 197 2203 1318 2248; baseline 0.001 -10"><span class='ocrx_word' id='word_1_286' title='bbox 197 2204 338 2248; x_wconf 74' lang='lat' dir='ltr'>sentiat)</span> <span class='ocrx_word' id='word_1_287' title='bbox 365 2205 528 2247; x_wconf 77' lang='lat' dir='ltr'>01·i9enes</span> <span class='ocrx_word' id='word_1_288' title='bbox 553 2203 610 2247; x_wconf 83' lang='lat' dir='ltr'>(al.</span> <span class='ocrx_word' id='word_1_289' title='bbox 639 2204 814 2247; x_wconf 67' lang='lat' dir='ltr'>Oriqeuis)</span> <span class='ocrx_word' id='word_1_290' title='bbox 839 2205 878 2236; x_wconf 83' lang='lat' dir='ltr'>de</span> <span class='ocrx_word' id='word_1_291' title='bbox 902 2204 1066 2248; x_wconf 75' lang='lat' dir='ltr'>sinqulis,</span> <span class='ocrx_word' id='word_1_292' title='bbox 1093 2210 1187 2239; x_wconf 77' lang='lat' dir='ltr'>tenor</span> <span class='ocrx_word' id='word_1_293' title='bbox 1211 2206 1318 2239; x_wconf 68' lang='lat' dir='ltr'>libelli</span> 
     </span>
     <span class='ocr_line' id='line_1_37' title="bbox 199 2261 324 2293; baseline 0.008 -1"><span class='ocrx_word' id='word_1_294' title='bbox 199 2270 259 2293; x_wconf 84' lang='lat' dir='ltr'>etc.</span> <span class='ocrx_word' id='word_1_295' title='bbox 287 2261 324 2293; x_wconf 79' lang='lat' dir='ltr'>R.</span> 
     </span>
    </p>
   </div>
  </div>
 </body>
</html>
