1422 2472
375 107 687 140 Omcssmaxonum
711 107 785 139 Lm.
803 106 847 139 11.
1141 107 1184 143 19

47 205 143 242 cepta
167 195 254 229 inter
287 196 391 242 Cypri
426 195 605 241 episcopos
636 196 880 229 consuetudine
912 196 1024 229 facere
1056 195 1185 237 liceret,

47 272 146 303 quam
172 258 263 303 quod
290 258 449 290 violatam
482 257 692 299 Origenianis
726 258 940 300 dogmatibus
971 258 1075 291 {idem
1105 258 1183 291 huic

47 321 292 364 exprobrasset.
341 319 460 364 Capite
485 332 566 351 vcro
592 319 693 351 terlio
718 319 799 352 haec
823 319 959 352 scribit:
987 319 1121 352 »Doleo
1148 329 1181 352 ct

47 381 143 413 valde
169 381 286 422 doleo,
309 381 425 413 videns
446 380 614 425 plurimos
643 380 801 420 fratrum,
841 390 875 413 et
908 393 1026 413 eorum
1051 381 1182 425 praeci-

46 455 124 486 pue,
151 442 209 487 qui
233 442 478 487 professionem
503 441 626 474 habent
658 455 726 474 non
750 441 945 482 minimam,
986 451 1019 475 et
1048 442 1084 475 in
1108 456 1179 485 gra—

45 504 125 536 dum
151 517 286 548 quoque
309 502 490 536 sacerdotii
513 502 694 535 maximum
719 512 963 546 pervenerunt,
987 503 1058 548 ejus
1083 504 1180 549 (Ori—

43 564 152 608 genis)
174 564 450 609 persuasionibus
474 564 657 608 deceptos,
690 572 723 596 et
746 563 997 607 perversissima
1021 565 1177 599 doctrina

45 625 138 658 cibos
161 625 267 658 factos
292 639 362 659 esse
394 625 552 658 diabolis(
601 625 702 657 Unde
732 635 891 669 apparet,
923 639 1023 670 quam
1047 628 1175 660 multos

42 686 107 731 jam
132 696 203 720 tum
229 687 433 730 Origenismi
457 700 537 720 aura
561 687 715 720 afflasset.
750 687 900 719 Dcmum
915 687 950 720 in
967 687 1049 720 haec
1072 689 1173 722 verba

43 748 235 781 concludit:
261 749 472 782 »Palladium
498 761 578 794 γει-ο
605 747 771 787 Galatam,
797 748 853 792 qui
878 750 1051 792 quondam
1073 751 1173 784 nobis

39 823 133 842 carus
157 810 241 850 fuit,
273 820 307 843 et
335 824 424 843 nunc
455 809 686 842 misericordia
711 809 777 842 Dei
802 809 947 851 indiget,
973 823 1070 851 cave,
1095 812 1174 857 quia

40 870 195 913 Origenis
219 872 372 905 haeresin
397 871 569 917 praedicat
594 881 627 903 et
651 871 764 910 docet,
787 884 830 903 ne
855 872 944 904 forte
969 872 1103 917 aliquos
1128 874 1170 906 dc

36 933 171 977 populo
196 933 258 966 tibi
282 933 412 966 credito
436 934 478 966 ad
502 932 755 977 perversitatem
780 931 831 964 sui
855 932 993 966 inducat
1014 934 1170 967 erroris.«

36 994 123 1027 Data
148 1004 198 1027 est
220 995 301 1027 haec
326 995 469 1040 epistola
494 1007 581 1027 anuo
608 993 731 1027 Clu-isti
750 993 827 1029 392.
852 995 998 1028 Arcadio
1035 1006 1069 1028 ct
1100 997 1172 1029 Ru-

36 1057 105 1088 fino
130 1057 242 1097 Coss.;
267 1070 331 1101 qna
356 1057 544 1101 publicata,
574 1055 714 1100 aliisque
739 1055 889 1101 ejusdem
914 1057 1103 1099 argumenti
1127 1059 1169 1091 ad

37 1117 242 1150 Palaestinos
267 1118 446 1162 episcopos
470 1127 503 1150 et
528 1117 722 1155 monachos,
748 1126 782 1148 et
805 1118 844 1149 ad
864 1117 1023 1150 Siricium
1041 1119 1168 1163 Papam

35 1180 76 1210 ab
102 1191 142 1211 eo
168 1179 269 1218 datis,
307 1177 519 1211 dissensionis
552 1190 669 1209 rumor
698 1177 891 1210 universum
916 1179 1035 1211 orbem
1060 1180 1170 1212 conti-

7 1240 13 1243 “
35 1253 103 1272 nuo
130 1249 326 1284 pervagatus
351 1248 409 1272 est.
457 1238 642 1272 Sciendum
669 1248 780 1271 autem
806 1240 1053 1285 Hieronymum
1078 1254 1166 1285 quo-

34 1315 98 1346 que
124 1302 211 1334 inter
240 1310 272 1334 et
301 1300 492 1339 «loannem,
531 1300 681 1345 ejusdem
706 1301 913 1341 pauliniani,
950 1302 1059 1333 multo
1085 1315 1166 1335 vero

33 1364 136 1406 magis
161 1361 365 1405 origenismi
388 1374 519 1401 caussa,
552 1362 688 1394 dissidia
713 1362 956 1396 intercessisse:
985 1376 1062 1396 nam
1089 1377 1165 1397 cum

32 1428 73 1458 ab
97 1423 290 1470 Epiphanio
326 1432 427 1455 staret
461 1423 708 1469 Hieronymus,
749 1433 782 1455 et
816 1437 886 1456 non
917 1424 1029 1456 solum
1053 1425 1165 1458 resin

32 1486 221 1520 Pauliniani
243 1484 380 1527 negotio
406 1494 510 1526 gestas
529 1486 779 1529 comprobaret,
803 1486 863 1518 scd
883 1486 1037 1527 Origenis
1063 1487 1162 1520 etiam

31 1560 162 1582 errores
184 1547 295 1592 palam
321 1547 508 1586 damnaret,
534 1559 574 1579 eo
600 1547 792 1579 iracundiae
817 1547 982 1591 processit
1004 1549 1164 1589 Joannes,

30 1621 67 1643 ut
101 1611 143 1643 ab
187 1608 347 1641 ecclesiae
388 1609 627 1640 communione
668 1609 920 1653 Hieronymum
964 1620 1163 1651 segregaret,

29 1671 315 1717 quemadmodum
348 1670 438 1714 apud
470 1669 722 1702 pammachium
756 1671 908 1715 queritur
937 1671 1008 1715 ipsc
1041 1672 1164 1704 Hiero-

28 1746 147 1780 nymus
172 1732 267 1777 epist.
293 1731 346 1765 (51.
368 1744 441 1776 cap.
467 1731 518 1765 15.
569 1731 660 1773 »Ego
686 1732 854 1772 misellus,
878 1731 999 1776 inquit,
1023 1733 1102 1765 dum
1128 1733 1161 1766 in

26 1793 210 1827 solitudine
235 1792 417 1831 delitesco,
447 1805 465 1825 a
496 1801 590 1824 tanto
624 1792 787 1836 pontifice
819 1803 959 1838 repente
989 1803 1161 1828 truncatus

29 1855 212 1901 presbyteri
241 1868 368 1887 nomen
405 1855 535 1888 amisi.«
594 1856 665 1887 Nec
697 1854 825 1886 idcirco
857 1864 968 1887 tamen
1001 1857 1161 1890 ccclesiae

27 1917 193 1959 ingressu,
223 1917 275 1948 vel
308 1916 549 1960 cpiscoporum
579 1928 616 1947 ac
643 1914 914 1948 Christianorum
939 1917 1101 1951 societate
1126 1933 1160 1951 se

27 1979 235 2021 prohibitum
258 1977 324 2010 isto
358 1977 466 2022 capite
497 1987 530 2010 ct
562 1977 715 2022 sequenti
746 1986 894 2011 testatur.
949 1979 1056 2012 Addit
1087 1981 1158 2024 epi·

27 2038 111 2071 stola
136 2039 200 2079 62.,
225 2053 310 2084 quae
336 2049 384 2072 est
409 2040 450 2072 ad
476 2039 724 2083 Theophilum,
751 2052 822 2083 cap.
847 2040 891 2080 4.,
917 2041 1070 2073 exsilium
1095 2043 1159 2074 sibi

27 2113 43 2130 a
67 2099 196 2132 Joanne
220 2101 426 2145 postulatum
453 2101 554 2133 fuiss«.-
581 2111 611 2133 et
631 2101 868 2145 impetratum3
893 2101 1032 2135 minime
1046 2112 1158 2136 tamen

27 2175 60 2193 sc
86 2161 118 2195 in
146 2162 298 2194 exsilium
322 2163 423 2195 fuisse
449 2163 642 2206 depulsum.

115 2222 157 2255 X.
205 2223 365 2255 Rufinum
390 2224 516 2256 interca
549 2224 628 2256 liacc
661 2237 796 2268 quoquc
830 2224 1018 2256 discordiae
1045 2234 1158 2257 conta-

24 2283 78 2324 gio
105 2283 238 2316 infecit:
271 2297 347 2316 nam
380 2298 455 2318 cum
481 2286 585 2317 semel
611 2286 759 2318 haustam
787 2286 941 2327 Origenis
967 2286 1154 2319 doctrinam

836 2347 890 2379 2⁴
