1413 2482
140 91 206 127 182
472 92 584 125 Parin
609 92 780 126 Daunius
807 91 942 127 Hoern

144 181 324 213 recedebat
351 180 591 226 Symmachus,
631 180 759 226 quippe
799 180 855 225 qui
887 179 1127 213 sententiarum
1161 179 1288 219 suisset,

147 255 248 287 quam
279 243 462 275 verborum
495 242 706 279 retinentior,
762 242 809 275 Ut
842 255 881 274 ex
905 242 1066 275 conflictu
1089 243 1232 287 Aquilae
1255 252 1288 275 et

147 303 364 349 Symmachi,
406 303 465 349 qui
495 303 647 336 abierant
676 303 710 335 in
743 303 892 343 diversa,
927 313 958 336 et
990 313 1136 336 extrema
1159 304 1290 336 fuerant

148 364 328 409 persecuti,
354 364 475 397 veritas
500 365 690 405 eliceretur,
719 365 847 410 optima
869 365 1000 398 ratione
1024 374 1166 408 uterque
1191 364 1289 397 simul

153 425 353 471 conjunctus
379 435 439 460 est.
480 426 630 460 Subnexi
647 435 723 459 sunt
745 427 812 459 iltis
832 426 955 459 deinde
970 425 1172 470 interpretes
1188 426 1290 459 LXX.

152 496 187 519 ct
209 487 442 528 Theodotion‚
467 487 524 532 qui
550 488 696 521 mediam
723 488 809 521 viam
838 497 1023 521 tenuerant.
1062 486 1190 530 »Quasi
1214 499 1293 525 non,

157 548 267 593 inquit
284 549 513 596 Hieronymus
539 550 683 583 Praesat.
710 549 743 582 in
766 549 858 590 Job.‚
881 550 971 594 apud
986 549 1135 582 Graecos
1162 548 1295 594 Aquiia,

154 610 387 656 Symmachus,
413 620 446 644 et
471 611 683 651 Theodotio,
708 611 761 644 vel
786 612 926 644 verbum
952 624 969 644 e
995 611 1119 651 verbo,
1143 611 1198 643 vel
1222 623 1297 644 sen-

151 684 226 704 sum
253 685 270 704 e
293 685 403 714 sensu,
427 673 482 705 vel
510 685 548 705 ex
574 683 728 717 utroque*
748 673 982 720 commixtum,
1007 682 1041 705 et
1054 672 1185 706 mediae
1210 682 1295 705 tem-

151 742 306 777 peratum
337 747 440 777 genus
473 734 699 767 translationis
733 734 990 779 expresserint«
1048 734 1145 768 Ordo
1180 744 1291 767 autem

149 795 342 828 studiorum
372 796 541 841 postulat,
571 805 608 829 ut
638 796 827 829 intricatam
853 795 1105 841 quaestionem,
1129 805 1163 829 et
1186 796 1294 829 incer-

151 862 219 887 tam
244 856 475 902 disceptaturi,
501 867 662 891 extremas
686 858 834 903 primum
868 866 902 890 et
937 857 1111 902 oppositas
1138 858 1293 902 explore—

151 929 226 949 mus
249 918 446 960 sententias,
478 919 556 952 inde
588 920 629 952 ad
661 929 865 965 temperatas
891 929 924 952 et
947 919 1074 952 medias
1098 920 1294 964 progredia-

150 991 239 1012 mur.
286 980 398 1025 Atque
423 981 511 1014 hunc
536 982 677 1014 modum
702 981 847 1014 servavit
874 981 1037 1022 Origenes
1063 981 1095 1014 in
1121 982 1294 1015 collocan-

151 1039 202 1074 dis
226 1041 572 1086 interpretationibus.

239 1103 298 1137 IV.
346 1104 444 1137 Nunc
469 1117 525 1145 ea,
552 1117 652 1149 quam
685 1104 859 1145 dedimus,
890 1104 1151 1149 Tetraplornm,
1183 1105 1293 1138 Hexa-

149 1163 301 1208 plorum,
325 1174 360 1197 et
384 1164 610 1211 Octaplorum
645 1165 829 1210 descriptio
863 1179 904 1199 an
936 1166 1075 1199 Eusebii
1107 1165 1294 1200 rationibus

151 1227 350 1268 consentiat,
373 1228 600 1273 anquiramus.
648 1228 773 1262 Scribit
798 1228 856 1261 ille
882 1228 959 1260 libr.
984 1228 1040 1263 VI.
1068 1228 1196 1262 Histor.
1222 1241 1293 1273 cap.

151 1288 204 1323 16.
241 1289 426 1332 Origenem
463 1288 526 1330 τὰς
565 1290 665 1336 παρὰ
700 1295 775 1329 τοῖς
811 1290 1000 1329 Ἰουδαίοις
1038 1290 1294 1335 ἐμφερομένας

148 1350 411 1396 πρωτοτὺπους
435 1351 557 1391 αὐτοῖς
579 1351 756 1398 Ἑβραίων
771 1356 959 1396 στοιχείοις
983 1351 1146 1397 γραφὰς,
1173 1354 1292 1397 κτῆμα

150 1413 250 1448 ἴδιον
272 1412 510 1456 ποιήσασθαι.
557 1414 650 1447 Haec
683 1413 782 1446 aliter
812 1412 981 1446 intellexit
1006 1412 1057 1445 vir
1081 1413 1212 1456 doctus,
1245 1422 1294 1446 at-

150 1487 217 1519 que
240 1474 286 1508 ita
308 1475 476 1508 reddidit:
511 1489 742 1520 »comparasse
779 1488 856 1507 eum
881 1474 943 1507 sibi
969 1474 1181 1519 Scripturas,
1207 1487 1292 1520 qnae

149 1537 239 1580 apud
280 1538 429 1570 Judaeos
464 1537 659 1584 prototypis
692 1538 926 1570 Hebraeorum
967 1536 1072 1569 literis
1105 1537 1292 1582 descriptae

150 1610 220 1630 esse
258 1600 456 1631 ferunturz«
504 1599 708 1645 Prototypas
749 1608 860 1631 autem
897 1599 1132 1631 Hebraeorum
1168 1599 1292 1638 literas,

148 1659 221 1704 ipsa
246 1673 314 1693 esse
340 1660 596 1694 Samaritarum·
617 1661 782 1693 elementa
815 1660 974 1701 assernit3
1007 1660 1095 1692 velle
1128 1660 1231 1702 igitur
1256 1660 1290 1693 id

148 1720 213 1754 sibi
246 1721 448 1755 Eusebium:
485 1722 704 1756 samaritanis
737 1722 931 1767 Scripturae
972 1721 1156 1755 Codicibus
1193 1735 1290 1755 usuin

148 1782 251 1816 fuisse
277 1783 471 1825 Origenem,
498 1785 684 1828 eademque
709 1784 742 1817 in
760 1784 912 1830 Hexapla
935 1783 1122 1817 inseruisse.
1162 1784 1289 1816 Verum

147 1844 204 1889 qui
228 1844 371 1890 propius
403 1846 444 1878 ad
479 1846 594 1878 locum
626 1845 714 1878 hunc
748 1845 887 1879 Eusebii
919 1854 1067 1878 mentem
1097 1845 1289 1885 attenderit,

145 1906 245 1952 plane
270 1907 374 1940 alium
406 1907 485 1939 inde
520 1920 653 1940 sensum
686 1908 854 1941 extundet.
902 1909 951 1941 At
975 1907 1074 1952 παρὰ
1102 1913 1175 1946 τοῖς
1195 1908 1289 1943 Ἰου-

146 1970 262 2008 δαίοις
287 1967 535 2015 ἕμφερόμεναι
564 1968 794 2014 πρωτὸτυποι
821 1973 976 2015 γραφαί,
1003 1969 1088 2002 nihil
1114 1969 1208 2002 aliud
1232 1982 1288 2002 so-

147 2040 221 2069 nat,
253 2043 352 2076 quam
386 2030 625 2075 »primigeniae
661 2030 873 2075 Scripturae,
905 2044 990 2076 quae
1023 2032 1114 2076 apud
1137 2032 1288 2064 Judaeos

147 2092 472 2134 circumferuntur;«
521 2104 589 2125 non
622 2104 721 2124 vero:
761 2105 872 2136 »quae
906 2094 996 2137 apud
1027 2094 1178 2127 ,Iudaeos
1208 2096 1288 2138 pro-

142 2228 207 2261 suit
233 2226 477 2267 Theodotioni,
501 2227 580 2272 quia
606 2227 803 2260 Theodotio
830 2227 932 2260 LXX.
961 2227 1164 2273 interpretes
1187 2240 1205 2261 e
1230 2239 1285 2259 ve-

142 2283 239 2326 stigio
266 2297 372 2328 paene
398 2283 493 2328 sequi
519 2283 728 2316 videbatur.=‹
