1422 2472
338 557 559 599 CAPUT
597 559 953 612 QUARTUM.

106 675 372 710 FORTUNA
408 674 738 709 DOCTRINAE
787 675 1194 711 ORIGENIANAE.

375 862 537 917 Capitis
569 864 707 917 quarti
737 865 919 917 partitio.

168 968 291 1001 Tribus
322 966 528 1000 sectionibus
561 977 691 1000 constat
724 978 824 1012 caput
855 968 962 1001 istud:
996 970 1021 1003 I.
1045 969 1213 1014 Explicat,

78 1030 160 1075 quid
187 1030 390 1072 Origeniana
415 1029 568 1062 doctrina
600 1029 634 1061 in
661 1030 803 1063 Oriente
837 1044 931 1075 passa
962 1031 1004 1063 sit
1028 1032 1069 1063 ab
1095 1032 1214 1074 Orige-

77 1093 127 1125 nis
152 1092 256 1136 ipsius
286 1101 414 1131 aetate,
449 1092 491 1123 ad
522 1092 778 1124 altercationem
811 1106 916 1136 usque
947 1092 1150 1139 Hieronymi
1182 1104 1214 1126 et

79 1154 210 1193 Rufini,
241 1163 314 1185 tum
346 1153 445 1185 etiam
477 1165 619 1196 quanam
653 1153 686 1184 in
714 1154 903 1186 Occidente
936 1155 1072 1187 fortuna
1097 1155 1214 1200 jactata

45 1245 50 1248 .
77 1216 128 1248 sit.
179 1215 220 1247 ll.
247 1214 418 1252 Continet,
443 1215 607 1258 quidquid
635 1214 838 1256 Origenismi
871 1227 982 1247 caussa
1016 1226 1126 1248 actum
1153 1228 1213 1256 est,

75 1290 91 1308 a
117 1275 303 1321 Theophili
336 1275 473 1308 dissidio
507 1289 582 1308 cum
618 1276 787 1320 Aegyptiis
819 1275 993 1308 monachis
1025 1286 1057 1308 et
1080 1276 1211 1310 Joanne

75 1338 330 1384 Chrysostomo,
354 1337 395 1369 ad
420 1346 576 1381 tempora
601 1337 721 1382 synodi
739 1337 1033 1369 Chalcedonensis.
1075 1338 1136 1373 Ill.
1158 1339 1211 1370 Ab

74 1413 110 1432 ea
135 1408 354 1444 tempestate,
387 1399 428 1430 ad
459 1398 543 1430 hanc
569 1412 673 1442 usque
701 1408 844 1430 aetatem
872 1398 1078 1439 Origenisini
1103 1400 1210 1431 sortu-

72 1476 146 1494 nam
172 1460 395 1506 persequitur.

322 1572 632 1621 SECTIO
683 1574 950 1621 PRIMA.

72 1687 96 1719 l.
121 1685 357 1718 procellarum
381 1684 538 1716 adversus
570 1684 726 1726 Origenis
759 1682 942 1716 etiamnum
976 1684 1118 1717 viventis
1143 1687 1204 1717 do-

70 1748 209 1779 ctrinam
235 1746 444 1779 concitatum
469 1746 570 1778 series
596 1746 787 1778 summatim
813 1746 986 1789 repetitur.
1017 1746 1057 1779 ll.
1083 1747 1205 1779 sedata

69 1809 225 1852 Origenis
239 1817 349 1840 morte
367 1807 445 1840 odia
458 1821 527 1840 non
545 1808 654 1839 multo
672 1817 750 1852 post
767 1808 1017 1839 recrudescunt.
1044 1808 1104 1841 Ill.
1130 1808 1206 1840 Pie-

67 1873 135 1904 rius
162 1869 406 1904 Alexandrinus
438 1869 602 1911 Origenes
640 1869 902 1913 junior-dictus.
951 1869 1206 1910 'l‘heognostum

68 1933 333 1965 Alexandrinum
382 1931 472 1963 inter
517 1931 674 1973 Origenis
721 1932 862 1963 asseclas
905 1930 1004 1974 ponit
1050 1931 1204 1964 photius.

69 1995 124 2028 lV.
145 1993 274 2027 Arianis
297 1993 510 2037 temporibus
535 1993 691 2035 Origenis
717 1992 871 2025 doctrina
886 1992 998 2024 denuo
1017 1992 1206 2037 impugnari

69 2065 188 2099 coepta
212 2065 261 2088 est
285 2056 326 2087 ab
351 2055 571 2096 Orfflodoxis,
598 2055 690 2099 quod
716 2054 785 2099 ejus
809 2055 873 2086 sibi
892 2054 1121 2098 patrocinium
1145 2056 1205 2086 ad-

69 2116 247 2148 sciscerent
276 2116 409 2149 Ariani:
444 2118 482 2150 V.
522 2130 622 2161 quarn
662 2126 772 2148 tamen
810 2116 953 2157 benigne
992 2115 1206 2160 interpretari

70 2178 260 2209 maluerunt
294 2179 510 2219 Athanasius,
547 2177 710 2217 Basilius,
750 2177 934 2218 Gregorius
967 2177 1203 2209 Nazianzenus.

71 2237 128 2269 Vl.
156 2238 372 2280 Origenianas
402 2250 514 2284 partes
547 2249 684 2272 tuentur
709 2239 878 2278 Hilarius,
909 2238 1075 2276 Euzoius,
1106 2237 1203 2268 Titus

68 2298 267 2339 Bostrenus,
298 2300 484 2347 Didymus,
516 2302 738 2342 Ambrosius,
769 2301 933 2333 Eusebius
967 2298 1202 2342 vercellensis,

121 2360 298 2394 Omossxis
324 2362 464 2397 OPERA.
491 2363 586 2398 Tom.
613 2363 736 2396 XXIV.
990 2362 1005 2394 1
