1422 2472
369 112 682 146 OMGENJANORUM
709 111 819 144 Lmssn
843 112 905 148 ΙΙΙ,
1137 112 1199 148 241

65 201 202 240 Iiarum,
227 200 390 234 incertum
417 212 475 235 est.
526 204 570 235 At
593 202 706 235 'l‘omo
721 202 818 234 XIII.
843 215 935 235 num.
952 201 1006 237 29.
1031 202 1200 236 Homilias

62 263 149 308 ipsas
179 263 381 296 nominatim
418 264 575 297 laudavit.
632 262 850 308 Antiquiores
889 264 1026 296 eaedem
1063 265 1200 297 fuerunt

62 324 307 370 posterioribus
320 325 440 358 Tomis
457 325 489 357 in
503 326 681 364 Joannem,
696 335 816 370 utpote
831 339 915 370 quae
931 325 1044 358 Tomo
1053 325 1198 359 XXXII.

63 399 153 419 num.
180 386 210 421 1.
235 386 461 431 appellentur.
495 386 613 420 Fuisse
638 400 719 420 vero
743 388 784 420 ab
811 387 958 430 Origene
984 387 1200 432 conscriptas,

63 457 242 493 antequam
269 447 402 480 virilem
428 448 589 490 attigisset
613 458 767 489 aetatem,
794 448 942 482 indicare
969 448 1102 481 videtur
1119 448 1200 481 Hie-

64 522 236 555 ronymus,
254 522 330 541 cum
348 509 394 542 ait
407 511 439 542 in
456 510 607 552 Prologo
626 510 913 554 interpretationis
930 522 1024 543 suae:
1053 510 1201 542 »Fateor

63 571 187 615 itaque,
212 580 392 615 antequam
416 572 474 604 ille
492 571 642 616 objiciat,
667 573 701 604 in
718 572 767 604 bis
791 572 973 614 Origenem
992 572 1199 612 tractatibus,

64 633 157 678 quasi
181 632 304 665 iterum
330 633 405 665 talis
431 633 564 666 ludere:
601 633 665 666 alia
688 642 765 666 sunt
789 633 896 666 virilia
929 633 1019 678 ejus,
1051 643 1084 666 et
1107 647 1201 666 sene-

65 694 164 727 ctutis
195 695 316 729 seria.«
365 694 576 727 Posteriores
608 695 699 739 ipsos
730 694 764 726 in
787 695 955 727 Joannem
987 695 1117 728 Tomos
1149 708 1201 728 se-

66 757 176 789 cundo
206 755 549 800 itinere-Atheniensi
581 756 754 788 absolutos
788 756 955 790 existimo.
1002 758 1088 789 Nam
1120 766 1200 801 post

65 817 241 851 Maximini
287 817 558 862 persecutionem
600 818 748 863 expliciti
794 827 889 858 sunt,
938 818 1065 863 quippe
1106 818 1200 864 cujus

64 879 177 912 Tomo
202 879 313 912 XXII.
337 879 549 919 meminerit,
581 880 869 924 quemadmodum
900 879 1003 912 refert
1035 879 1201 912 Eusebius

64 941 193 975 Histor.
219 941 295 974 libr.
312 941 372 976 Vl.
398 954 469 985 cap.
494 940 566 983 283
596 942 748 974 nondum
773 951 886 974 autem
911 942 1122 974 Matthaeum
1148 954 1202 973 ex-

64 1003 201 1048 planare
225 1004 336 1035 fuerat
359 1016 506 1043 exorsus,
530 1003 628 1035 sicuti
654 1012 793 1048 apparet
818 1016 856 1035 ex
880 1003 951 1047 ejus
976 1003 1089 1035 Tomo
1110 1003 1201 1036 XVI.

66 1065 101 1098 in
125 1065 244 1098 Mattb.
270 1078 363 1098 num.
390 1064 459 1102 19..
485 1074 518 1097 et
543 1065 676 1097 decimo
702 1065 736 1097 in
761 1066 927 1098 Joannem
952 1064 1084 1104 Torno,
1110 1077 1200 1096 num.

69 1127 122 1161 18.
169 1129 218 1159 Ne
245 1126 575 1159 Commentariorum
609 1127 746 1171 quidem
779 1126 812 1158 in
845 1126 1024 1170 epistolam
1057 1126 1096 1157 ad
1130 1126 1202 1157 Ro-

69 1202 186 1221 manos
210 1188 364 1220 meminit
388 1188 572 1228 Eusebius;
598 1201 635 1220 ex
654 1187 811 1229 Origenis
836 1197 948 1220 tamen
965 1187 1078 1219 Tomo
1095 1187 1204 1218 XVII.

69 1251 102 1282 in
128 1251 250 1283 Matth.
275 1263 366 1283 num.
382 1249 445 1289 32,
471 1259 503 1282 et
530 1249 604 1281 libr.
621 1250 662 1282 V.
688 1258 721 1281 et.
736 1249 831 1281 VIII.
858 1257 973 1281 contra
998 1246 1086 1280 Cels.
1111 1260 1203 1279 num.

69 1312 124 1346 47.
159 1322 192 1345 et
221 1325 314 1345 num.
340 1311 393 1346 65.
419 1311 656 1352 intelligimus,
692 1310 758 1355 jam
794 1319 866 1342 tum
903 1322 940 1341 ea
971 1308 1203 1353 composuisse

70 1374 271 1416 origenem,
309 1386 385 1405 cum
409 1373 451 1405 ad
484 1373 729 1417 explanandum
756 1372 983 1410 Matthaeum,
1021 1380 1054 1402 et
1086 1371 1206 1402 confu-

69 1437 208 1469 tandum
234 1435 369 1469 Celsum
401 1448 435 1467 se
470 1434 624 1468 contulit.
672 1434 811 1466 Discere
846 1446 926 1465 vero
960 1432 1040 1464 licet
1073 1445 1111 1463 ex
1136 1431 1207 1464 Ho-

70 1498 164 1531 milia
190 1498 239 1532 17.
264 1497 296 1529 in
321 1497 464 1536 Lucam,
498 1496 564 1541 jam
596 1505 671 1528 ante
703 1496 814 1540 ipsum
849 1508 919 1527 esse
950 1494 1206 1538 interpretatum

72 1561 250 1605 epistolam
275 1558 425 1604 priorem
450 1559 490 1590 ad
516 1557 731 1596 Corinthios,
757 1570 856 1601 quam
883 1556 915 1588 in
943 1556 1030 1588 bunc
1056 1556 1206 1596 Evange-

75 1622 184 1655 listam
217 1622 258 1654 ad
295 1620 464 1665 populum
498 1619 694 1651 dissereret:
746 1636 761 1649 n
774 1617 933 1657 Memini,
965 1617 1093 1662 inquit,
1130 1630 1206 1649 cum

74 1684 314 1728 interpretarer
338 1682 436 1721 illud,
461 1681 553 1726 quod
578 1681 618 1713 ad
646 1680 842 1713 Corinthios
866 1678 1067 1711 scribitur:«
1098 1678 1210 1710 »nEc-

75 1745 241 1789 clesiae')
267 1744 344 1784 Dei,
370 1756 453 1787 quae
480 1752 528 1774 est
544 1742 711 1780 Corinthi,
737 1755 813 1773 cum
841 1740 1007 1780 omnibus,
1032 1740 1089 1785 qui
1115 1739 1211 1772 invo-

76 1818 151 1841 cant
183 1821 334 1840 eumzu«
369 1805 516 1837 »dixisse
541 1817 595 1836 me
626 1803 852 1836 diversitatem
885 1802 1064 1841 ecclesiae,
1097 1811 1130 1834 et
1154 1815 1213 1834 eo—

76 1883 170 1909 rum,
206 1868 265 1914 qui
296 1869 456 1901 invocant
486 1879 610 1899 nomen
643 1864 824 1898 Domini.«
876 1863 1147 1897 Commentarios
1177 1863 1212 1895 in

77 1931 228 1976 priorem
259 1931 302 1962 ad
326 1929 643 1962 Thessalonicenses
677 1926 855 1972 epistolam
888 1926 921 1958 in
947 1925 1062 1969 Opere
1096 1934 1213 1956 contra

80 1992 227 2032 Celsum,
252 1992 340 2024 libro
365 1991 513 2023 secundo
537 2003 629 2022 num.
654 1988 708 2023 65.
733 1989 887 2020 laudatos
911 1986 1070 2031 reperias.
1104 1985 1213 2018 Deni-

81 2066 147 2097 que
183 2053 428 2097 expositionem
464 2052 612 2096 aliquam
649 2051 682 2083 in
714 2049 945 2096 Apocalypsin
979 2047 1215 2086 meditabatur,

83 2128 159 2147 cum
194 2115 402 2147 Matthaeum
441 2113 641 2158 explicaret:
681 2113 723 2145 de
760 2111 953 2154 dracone2)
990 2108 1118 2154 quippe
1154 2109 1215 2140 illo

84 2186 212 2221 septem
239 2176 422 2220 capitibus,
453 2185 486 2208 et
510 2176 628 2208 decem
654 2174 813 2208 cornibus
837 2173 1001 2206 instructo
1028 2184 1143 2213 agens,
1173 2172 1218 2202 ita

184 2299 216 2342 ¹)
243 2297 312 2331 Csr.
337 2298 347 2329 l
369 2298 448 2329 Cor.
466 2298 493 2336 I,
518 2298 549 2330 2.
691 2298 724 2340 ²)
751 2297 821 2330 Cfr.
847 2295 1048 2340 Apoc.X11.
1071 2294 1102 2328 3.
1126 2307 1216 2338 seqq.

133 2359 306 2392 Omozms
332 2358 467 2391 OPERA.
501 2358 595 2391 Tom.
622 2358 744 2390 XXIV.
980 2355 1021 2390 16
