1413 2482
184 61 228 97 24
515 64 629 98 Ῥεῖ-Μ
655 65 831 100 Daunius
857 65 989 100 Ηυετιι

190 165 260 185 ram
288 152 505 187 concordiam
531 167 690 189 revocare
716 155 893 195 niteretur,
918 165 952 188 et
974 164 1197 199 repugnantes
1215 154 1333 197 Orige-

192 214 293 248 nistas
318 215 470 248 molliter
495 228 532 248 ac
556 217 699 259 benigne
724 218 911 250 adhiberet.

283 277 376 310 XlV.
425 277 584 310 Ceterum
617 280 659 312 ad
693 279 915 311 coercendam
941 278 1106 322 serpentis
1130 277 1334 320 Origenismi

196 338 286 370 luem
311 348 473 382 sequente
499 352 587 372 anno
613 341 841 387 Hieronymus
871 339 1096 382 Augustinum
1123 339 1248 384 pietate
1274 340 1336 371 sso-

195 409 327 431 rentem
352 408 385 432 et
410 400 620 442 eruditione,
646 401 784 447 quicum
810 402 873 435 sibi
898 401 1018 434 notitia
1043 402 1154 447 aliqua
1178 401 1336 434 interces-

198 470 296 501 serat,
320 462 453 505 parario
470 464 599 509 Alypio
615 456 809 507 Tagastensi
828 464 1047 509 postmodum
1066 463 1239 508 episcopo,
1264 462 1336 506 qui-

199 536 264 567 que
290 522 354 567 jam
388 534 464 556 ante
500 535 617 569 optare
640 538 675 558 se
699 526 962 568 significaverat,
990 535 1027 558 ut
1053 525 1209 567 Origenis
1233 537 1336 568 opera

198 586 240 616 ab
265 585 475 632 Hieronymo
502 586 618 621 Latine
644 588 883 627 redderentur,
914 596 1030 619 monet
1063 600 1124 631 per
1148 586 1340 630 epistolam,

200 659 285 691 quae
311 647 500 688 intercidit,
536 659 573 681 ut
598 650 631 681 in
664 649 820 692 Origenis
843 649 1086 694 scriptionibus
1110 657 1225 680 cautus
1250 647 1339 679 ince-

201 709 268 748 dat,
293 710 492 754 approbatis
517 711 726 751 melioribus,
752 710 968 756 sequioribus
992 709 1142 755 rejecti53
1167 719 1200 742 at
1219 709 1339 750 Orige-

201 770 252 802 nis
275 770 340 803 sibi
364 772 475 804 notari
507 786 637 806 errores
663 775 884 818 responsione
916 787 973 806 sua
999 772 1200 814 Augustinus
1225 780 1342 815 postu·

205 831 295 865 lavit.
346 833 446 866 Certe
471 835 513 866 ab
538 834 588 867 his
606 835 870 869 dissensionibus
887 835 1036 867 animum
1062 833 1184 878 procul
1209 832 1262 864 hic
1286 832 1342 863 ha-

203 892 288 932 buit,
313 907 422 939 neque
448 896 592 929 multum
616 909 689 929 sese
714 896 918 941 interposuit
934 895 1201 937 Origenistarum
1227 894 1342 926 rebus:

205 968 335 988 errores
361 956 519 990 duntaxat
546 958 737 990 Adamantii
763 972 826 1002 pro
852 972 886 990 re
911 967 985 990 nata
1008 955 1227 1001 impugnavit,
1253 956 1344 987 velut

206 1016 239 1048 in
266 1017 360 1051 libris
385 1019 426 1051 de
453 1020 596 1053 Civitate
621 1019 699 1052 Dei.
748 1021 994 1066 Hieronymum
1024 1027 1136 1053 autem
1167 1019 1208 1050 ad
1234 1017 1344 1050 redin-

208 1080 400 1121 tegrandam
427 1094 502 1113 cum
528 1082 653 1113 Rufino
679 1081 862 1114 amicitiam
889 1081 985 1112 valde
1011 1081 1162 1112 hortatus
1188 1088 1246 1111 est.

298 1142 375 1175 XV.
425 1146 522 1175 Anno
548 1155 566 1174 a
593 1142 716 1175 Christi
743 1152 818 1175 ortu
843 1141 921 1177 397.
951 1150 1030 1186 post
1055 1139 1173 1182 viginti
1197 1139 1346 1184 quinque

209 1215 375 1236 annorum
402 1204 642 1237 discessionem
674 1205 818 1237 Romam
850 1216 981 1236 reversa
1017 1212 1066 1235 est
1090 1202 1255 1243 Melania,
1279 1202 1347 1234 Ru-

212 1264 280 1296 lino
306 1265 465 1298 itinerum
490 1266 585 1298 socio
612 1267 780 1298 comitata.
830 1266 988 1298 Caussam
1005 1263 1133 1296 reditus
1147 1276 1219 1296 eam
1244 1262 1348 1295 fuisse

213 1325 295 1358 dicit
318 1326 506 1360 Palladius:
540 1328 722 1360 Melaniam
749 1337 885 1372 neptem
911 1339 1015 1364 suam,
1039 1325 1170 1357 Piniani
1196 1337 1348 1363 uxorem,

214 1388 421 1432 nuptiarum,
447 1389 632 1433 mundique
658 1399 862 1434 pertaesam,
898 1387 1032 1421 Christo
1064 1386 1234 1430 reliquum
1262 1386 1348 1417 vitae

218 1462 414 1482 consecrare
441 1451 527 1483 velle
553 1464 629 1493 etun
657 1451 853 1495 accepisset,
882 1450 1020 1482 veritam
1045 1449 1225 1488 seniorem,
1248 1460 1289 1480 ne
1315 1447 1349 1479 in

215 1524 392 1555 perversos
416 1503 614 1545 secessionis
638 1526 716 1545 suae
744 1513 846 1544 duces
872 1513 983 1555 neptis
1007 1509 1255 1550 sua‘iucideret,
1280 1509 1350 1542 Ro-

215 1586 304 1604 mam
330 1574 521 1613 advolasse,
547 1587 687 1619 eamque
722 1573 871 1606 consiliis
896 1571 1072 1617 adjuvisse..
1118 1571 1229 1605 Aliam
1255 1571 1352 1603 itine-

217 1635 261 1667 ris
287 1648 434 1668 caussam
460 1637 602 1678 assignat
625 1636 803 1675 Baronius,
829 1635 973 1667 Romam
998 1646 1121 1678 nempe
1147 1631 1352 1675 Origeuismi

219 1697 398 1729 invehendi
422 1697 591 1736 studium,
633 1697 687 1729 cui
714 1696 881 1729 Melaniae
915 1695 1057 1740 junioris
1090 1707 1238 1727 secessus
1261 1693 1353 1737 apud

220 1761 355 1801 vulgum
393 1761 535 1792 obtentu
573 1760 684 1791 suerit.
741 1758 924 1802 Opinionis
959 1770 1038 1790 suae
1077 1765 1251 1788 auctorem
1284 1768 1353 1788 non

220 1821 334 1864 dedit3
356 1821 558 1866 conjecturis
584 1829 711 1852 tantum
738 1821 916 1852 obsecutus
942 1828 1001 1852 est.

311 1884 403 1916 XVI.
452 1883 563 1916 Simul
594 1891 693 1925 atque
730 1882 872 1913 l'tomam
906 1880 1038 1924 appulit
1064 1879 1223 1918 Rufinus,
1250 1879 1354 1910 libros

223 1945 378 1987 Origenis
403 1948 486 1988 περὶ
511 1944 635 1988 ἀρχῶν
659 1957 676 1975 a
699 1957 733 1975 se
750 1942 919 1976 Latinitati
945 1941 1095 1974 redditos
1120 1940 1153 1972 in
1179 1939 1355 1984 publicum

223 2007 384 2047 editurus,
410 2005 559 2050 priorem
587 2005 776 2049 Apologiae
803 2003 973 2048 Pamphili
1006 2003 1130 2034 librum
1156 1989 1356 2033 conversuni

223 2069 340 2102 itidem
373 2081 391 2100 a
421 2081 456 2100 se
489 2077 522 2099 et
554 2067 814 2110 interpolatum,
852 2075 884 2097 et
917 2078 980 2097 una
1005 2077 1097 2096 suam
1124 2064 1165 2095 de
1190 2062 1357 2094 adultera-

226 2131 318 2163 tione
344 2130 509 2162 librorum
536 2128 692 2170 Origenis
717 2127 985 2160 lucubrationem
1004 2124 1186 2170 praemisit,
1211 2124 1253 2155 ad
1272 2122 1357 2155 viam

227 2191 439 2234 Origenismo
472 2189 778 2223 communiendam.
834 2188 1024 2231 Utrumque
1052 2185 1191 2219 Macarii
1224 2185 1358 2217 hortatu

225 2266 413 2296 aggressum
439 2266 473 2287 se
502 2261 642 2286 testatur
668 2251 701 2284 iu
734 2249 1018 2283 praefationibus:
1051 2258 1084 2281 at
1108 2247 1141 2280 id
1167 2248 1208 2279 ab
1234 2259 1274 2278 eo
1301 2259 1360 2289 per
