1413 2482
179 89 222 123 44
516 89 627 124 Ρετιιι
654 90 826 123 Dabimus
851 90 981 124 ssot-:Tu

180 188 244 211 stat
268 179 358 224 apud
383 192 500 211 omnes
527 194 588 221 —3
613 180 670 225 qui
696 190 729 213 et
755 180 819 212 alia
845 179 949 212 multa
977 179 1138 221 congerit,
1164 191 1247 223 quae
1272 178 1314 209 ab

180 242 254 274 aliis
279 241 458 286 praeterita
483 253 500 272 a
526 241 624 274 nobis
650 255 786 287 quoquc
813 241 1132 286 praetermittentur.
1181 239 1315 273 Gravis-

180 303 261 335 sima
287 316 366 334 vero
394 302 446 334 hic
471 312 519 335 est
545 304 713 349 Anonymi
740 303 923 348 eujusdam,
948 316 965 335 a
994 301 1315 347 quo—Chrysostomi

181 364 303 408 scripta
329 373 377 396 est
403 363 480 403 vita,
506 377 604 408 quam
631 364 663 396 in
691 374 846 397 octavum
862 365 1010 397 'romum
1033 364 1186 408 Operum
1212 362 1315 406 ipsius

181 425 327 469 coniecit
350 425 514 465 Savilius,
547 435 579 458 et
604 426 773 459 Simeonis
805 426 1051 470 Metaphrastae
1084 424 1316 462 hallucinatio,

182 487 239 531 qui
273 486 442 519 Isidorum
478 487 575 519 illum
610 501 687 520 cum
720 488 849 520 lsidoro
881 487 1053 520 Pelusiota
1085 486 1315 519 confundunt:

182 549 246 581 nisi
271 549 358 581 sorte
384 549 535 594 priorem
567 550 654 582 hunc
687 549 894 582 Pelusiotam
926 561 1062 593 quoque
1094 548 1195 581 fuisse
1227 546 1317 578 dicat

183 609 312 654 aliquis,
338 623 413 642 cum
441 611 686 644 Alexandrinus
713 621 822 643 tamen
850 611 950 652 vulgo
977 610 1116 643 dicatur.
1164 609 1232 642 Sed
1252 608 1316 641 So-

184 685 363 704 zomenum
403 672 521 705 audire
564 685 755 717 pergamus„
811 672 978 717 Expulsus
1021 670 1165 703 lsidorus
1201 668 1317 703 Scetin

183 735 274 779 apud
312 737 499 767 monachos
536 735 712 768 concessit.
774 734 856 767 Adit
888 733 1050 767 continuo
1086 731 1317 776 Theophilum

185 795 397 835 Ammonius,
421 796 638 840 postulatque
663 805 700 828 ut
724 796 758 829 in
775 795 1053 829 communionem
1071 794 1237 828 Isidorum
1261 793 1318 825 ad-

184 857 313 890 mittat:
351 857 587 899 tergiversante
618 858 814 903 Theophilo
855 858 1000 890 instabat
1024 856 1244 894 Ammonius,
1285 864 1317 887 et

183 933 269 964 quos
300 919 364 952 sibi
395 919 523 952 itineris
548 920 660 952 socios
686 920 903 965 adjunxerat;
935 920 1020 952 adeo
1055 929 1092 951 ut
1117 916 1316 963 perterrefa-

183 981 312 1014 ciendis
337 980 429 1021 aliis,
462 990 494 1013 et
525 993 543 1013 a
567 994 601 1013 sc
631 981 828 1013 amovendis
853 995 955 1013 unum
982 994 1020 1014 ex
1047 979 1126 1025 ipsis
1150 979 1183 1011 in
1209 990 1319 1010 carce-

183 1056 256 1075 rem
288 1043 468 1076 detruserit
499 1043 725 1087 Theophilus.
784 1043 885 1075 Illum
924 1042 1046 1087 reliqui
1076 1040 1247 1074 subsecuti
1285 1039 1317 1071 in

184 1106 326 1137 eandem
351 1104 539 1137 custodiam
564 1106 681 1137 fraude
707 1104 844 1146 ingressi
868 1117 938 1137 sese
963 1113 1084 1148 sponte
1100 1102 1317 1142 incluserunt,

186 1167 299 1211 quoad
329 1166 503 1199 universos
535 1166 723 1199 dimisisset.
781 1165 884 1211 Cujus
917 1166 966 1199 rei
998 1174 1087 1198 tanta
1118 1164 1208 1209 apud
1240 1176 1317 1196 eum

185 1228 251 1260 fuit
275 1227 480 1270 indignatio,
515 1237 553 1260 ut
584 1241 659 1261 cum
694 1241 774 1273 prae
806 1228 919 1272 quiete
946 1238 978 1261 et
1002 1227 1206 1260 monasticae
1230 1225 1317 1258 vitae

186 1290 305 1323 studiis
328 1289 461 1334 reliqua
485 1289 598 1322 omnia
622 1303 680 1323 eos
706 1299 904 1335 postputare
927 1290 1045 1329 sciret,
1080 1288 1130 1320 his
1154 1287 1244 1332 ipsos
1269 1287 1318 1319 in-

186 1351 394 1390 tercluserit,
429 1351 604 1384 concitatis
635 1352 779 1384 subdole
814 1352 978 1391 dissidiis,
1004 1351 1135 1384 turbata
1160 1361 1260 1393 pace,
1284 1357 1318 1380 et

185 1412 397 1445 monasteriis
420 1411 495 1454 igne
519 1413 680 1457 ferroque
707 1413 848 1447 vastatis.
889 1412 995 1446 Addit
1012 1411 1183 1445 Palladius
1209 1410 1318 1443 oranti

186 1474 370 1508 Ammonio
404 1483 437 1505 et
467 1474 589 1506 Isidori
610 1483 724 1519 «partes
749 1475 859 1517 agenti
885 1476 1031 1508 ferreum
1058 1484 1214 1518 torquem
1239 1485 1319 1517 pro-

187 1536 268 1581 priis
299 1535 452 1568 manibus
482 1535 633 1582 injecisse
666 1537 913 1581 Theophilum,
949 1536 1067 1581 pugnis
1102 1535 1252 1567 maxillas
1285 1543 1318 1567 et

186 1598 308 1631 oculos
333 1597 543 1637 contudisse,
576 1598 637 1631 hac
669 1598 793 1640 ingesta
818 1608 851 1631 et
876 1598 1020 1643 repetita
1044 1610 1144 1630 voce:
1173 1597 1316 1630 »Haere-

186 1659 264 1700 tite‚
289 1659 530 1692 anathematiza
556 1660 769 1702 Oi*igenem.«
820 1660 865 1692 Ut
890 1669 926 1692 ut
952 1669 1011 1699 est,
1036 1668 1166 1691 constat
1187 1659 1318 1703 episco-

188 1735 311 1766 porum
347 1722 514 1767 synodum
549 1722 769 1755 Alexandriae
801 1722 948 1763 coegisse
974 1720 1204 1768 Theophilum
1229 1733 1316 1752 anno

189 1783 313 1816 Christi
337 1783 430 1821 329..
467 1784 708 1829 damnatosque
740 1797 808 1816 uno
835 1796 893 1815 ore
920 1781 1124 1824 Origenistas
1149 1795 1166 1814 e
1191 1781 1317 1814 Nitriae

187 1854 316 1884 monte,
340 1854 376 1876 ut
400 1858 500 1889 supra
524 1856 696 1879 narratum
721 1855 788 1884 est,
814 1844 974 1887 exegisse:
1006 1844 1186 1877 accedente
1212 1843 1318 1887 impc-

188 1916 338 1939 ratorum
364 1907 581 1951 auctoritate,
618 1907 675 1952 qui
700 1920 737 1940 ex
764 1909 918 1953 Aegypto
943 1915 981 1938 ut
1007 1906 1215 1951 pellerentur
1238 1905 1318 1937 scri-

189 1969 255 2014 ptis
280 1968 364 2000 datis
397 1967 567 2013 jusserant.
623 1969 813 2015 Synodicae
847 1968 944 2013 hujus
976 1966 1122 2001 concilii
1154 1966 1318 2011 epistolae

189 2031 372 2072 fragmenta
398 2032 560 2074 quaedam
585 2031 617 2063 in
643 2031 786 2076 epistola
811 2031 850 2063 ad
871 2030 1004 2062 Menam
1022 2028 1227 2061 Justinianus
1252 2041 1320 2061 ser-

192 2092 290 2126 vavit.
342 2091 512 2138 Adjiciunt
544 2094 584 2124 ad
610 2093 784 2137 superiora
810 2093 977 2134 Georgius
1003 2084 1258 2130 Alexandrinus',
1285 2100 1319 2123 et

192 2155 332 2188 Simeon
353 2155 604 2198 metaphrastes,
629 2154 750 2187 finibus
767 2154 834 2187 suis
855 2163 1002 2186 extorres
1027 2151 1211 2185 monachos
1242 2152 1320 2184 Ate-

192 2217 361 2250 xandriam
387 2217 587 2261 pervenisse,
613 2226 644 2248 et
668 2216 852 2249 miserabili
879 2227 995 2248 eorum
1019 2214 1134 2246 habitu
1160 2213 1204 2246 ita
1229 2226 1321 2245 com-

194 2289 321 2312 motam
348 2278 446 2312 fuisse
471 2279 625 2323 plebem,
657 2289 692 2311 ut
720 2278 951 2323 'Ilicophilum
985 2277 1171 2309 latitantem
1196 2276 1238 2308 ad
1261 2287 1319 2307 ne-
