1422 2472
343 73 657 108 Ome-‚emmenum
681 71 797 105 Lmen
822 69 887 104 ΙΙΙ.
1128 66 1192 103 119

45 179 123 213 quas
146 165 181 199 in
204 164 419 197 Ezechielem
444 162 608 205 Origenes
633 160 767 194 habuit:
802 159 933 198 »lllud‚
959 157 1087 203 inquit,
1111 158 1188 190 bre-

43 229 130 262 viter
160 228 363 267 admonens,
399 235 438 259 ut
473 223 554 258 scias
585 221 742 266 Origenis
778 220 942 267 opuscula
978 219 1013 254 in
1046 231 1184 253 omnem

43 289 255 335 scripturam
287 301 357 323 esse
388 286 547 332 triplicia.
595 285 749 319 Primum
781 282 852 330 ejus
882 282 1067 328 Excerpta,
1100 294 1187 327 quae

44 353 174 387 Graece
198 349 335 397 Σχόλια
358 357 604 393 nuncupantur,
628 347 662 380 in
687 346 808 392 quibus
834 358 883 385 ea,
908 357 992 391 quae
1010 343 1073 378 sibi
1090 344 1184 378 vide-

41 415 164 447 btintur
188 414 340 452 obscura,
365 420 464 457 atque
488 409 612 442 habere
637 408 766 454 aliquid
791 405 1012 446 difficultatis,
1036 417 1182 439 summa-

25 477 123 530 βίω,
168 474 382 520 breviterque
418 471 620 519 perstrinxit.
681 470 878 504 Secundum
920 467 1183 501 Homiliaticum

42 551 156 582 genus,
181 539 223 572 de
247 549 314 583 quo
340 546 374 570 et
396 547 553 582 praesens
576 531 813 579 interpretatio
839 530 909 577 ejus
935 539 993 564 est.
1027 529 1185 564 Tertium

46 601 141 648 quod
175 599 248 646 ipse
282 597 451 644 inscripsit
490 594 652 643 Τόμους,
689 607 752 628 nos
782 590 968 626 Volumina
1004 604 1186 637 possumus

44 674 248 709 nuncupare,
272 660 307 694 in
333 673 398 706 quo
419 659 533 705 Opere
558 667 630 691 tota
654 654 782 699 ingenii
806 654 856 688 sui
881 655 956 688 vela
979 653 1184 700 spirantibus

45 725 151 759 ventis
183 724 295 765 dedit,
328 732 361 756 et
384 722 544 756 recedens
569 733 585 753 a
611 729 699 752 terra
729 718 764 751 in
789 717 941 750 medium
965 716 1103 762 pelagus
1127 730 1186 750 au-

42 787 166 831 l'ugit.«
214 786 356 820 Rufinus
387 785 429 817 in'
453 784 604 825 Prologo
643 779 934 826 interpretationis
971 792 1049 812 suae
1082 779 1187 813 Com-

41 849 285 884 mentariorum
309 845 464 889 Origenis
489 845 523 878 in
539 848 719 884 Numeros,
745 856 846 888 quem
869 841 953 874 mibi
978 841 1064 874 olim
1081 841 1184 884 Bigo-

43 915 132 948 tiana
144 911 357 946 Bibliotheca
372 906 617 954 suppeditavit:
638 905 890 950 »Quaecunque
906 903 941 937 in
954 905 1186 938 Numerorum

43 977 154 1016 libro,
189 975 257 1008 sive
288 970 511 1006 Humiliatico
547 969 645 1009 stilo,
680 968 750 1002 sive
787 967 888 1000 etiam
925 980 963 1000 ex
995 966 1066 1008 his,
1104 980 1189 1013 quae

43 1040 210 1083 Excerpta
233 1035 459 1081 appellantur,
483 1032 607 1077 scripta
630 1031 831 1076 reperimus,
854 1029 936 1062 haec
951 1029 983 1074 ¹)
1011 1038 1044 1062 te
1068 1041 1188 1074 perur-

46 1109 163 1143 gente,
197 1099 352 1131 Romana
382 1105 421 1128 ut
451 1094 625 1139 potuimus
656 1106 741 1126 voce
774 1104 812 1125 ex
844 1090 983 1125 diversis
1015 1091 1049 1123 in
1080 1104 1188 1125 unum

47 1161 201 1195 ordinem
233 1159 378 1193 collecta
415 1157 648 1199 digessimus«
696 1154 742 1187 Et
775 1152 880 1199 paulo
917 1161 1010 1198 post:
1062 1153 1186 1186 »Scire

44 1235 157 1257 tamen
180 1231 213 1255 te
237 1222 339 1262 volo,
363 1222 476 1261 frater,
501 1219 593 1265 quod
617 1218 698 1250 haec
723 1215 828 1250 lectio
853 1214 921 1247 vias
947 1213 1085 1260 quidem
1109 1227 1188 1260 ape-

34 1286 107 1319 =riat
131 1282 382 1326 intelligentiae,
405 1295 475 1315 non
498 1291 611 1315 tamen
635 1278 807 1322 sigillatim
829 1285 947 1310 cuncta
963 1289 1049 1322 quae
1064 1276 1188 1322 scripta

45 1357 122 1381 sunt
145 1347 298 1385 disserat,
330 1354 369 1378 ut
391 1344 425 1378 in
449 1342 726 1389 Explicationum
750 1339 846 1373 libris
870 1338 998 1382 legisti:
1032 1352 1099 1384 quo
1124 1339 1189 1373 sci-

44 1411 126 1444 licet
150 1409 251 1443 etiam
275 1407 385 1440 lector
408 1420 477 1440 non
502 1406 664 1439 reddatur
682 1403 822 1443 otiosus,
848 1402 906 1435 sed
932 1411 1058 1447 pungat
1068 1402 1102 1448 ²)
1129 1415 1189 1436 cor

46 1486 160 1513 suum,
192 1472 279 1505 sicut
303 1470 466 1515 scriptum
492 1477 558 1509 est,
585 1477 617 1501 et
641 1466 810 1512 producat
834 1477 990 1506 sensum,
1013 1473 1046 1498 et
1070 1464 1185 1498 audito

45 1536 149 1569 verbo
174 1536 287 1574 bono,
312 1543 349 1566 ut
373 1531 504 1577 sapiens
528 1530 665 1577 adjiciat
677 1529 712 1576 3)
737 1528 779 1562 ad
804 1527 931 1561 illud.«

135 1598 197 1631 Ill.
229 1594 368 1631 Scholia
389 1597 506 1628 breves
533 1602 626 1627 erant
649 1601 750 1625 notae
775 1589 961 1623 enodandis
985 1588 1069 1623 locis
1093 1589 1189 1623 intri-

47 1660 246 1700 catioribus,
291 1668 324 1691 et
359 1657 618 1692 abstrusioribus
660 1654 812 1688 sensibus
853 1650 1028 1692 eruendis,
1072 1651 1187 1697 quales

47 1724 206 1757 habemus
246 1721 279 1755 in
323 1734 439 1754 omnes
482 1721 553 1753 sere
591 1719 739 1752 Graecos
784 1721 913 1762 poetas.
977 1714 1135 1748 Erasmus
1154 1714 1189 1758 ⁴)

49 1786 209 1821 »Otiola«
235 1784 332 1818 reddi
354 1783 459 1830 jubet.
507 1782 621 1816 Sixtus
636 1781 670 1826 ⁵)
695 1779 852 1814 Senensis
877 1777 1034 1823 exponit:
1061 1778 1188 1810 »Vaca-

46 1849 167 1889 tiones,
191 1847 260 1881 sive
285 1846 372 1887 otia,
395 1845 464 1879 sive
489 1857 552 1890 per
576 1842 685 1876 otium
712 1852 886 1888 excerpta3
910 1840 1031 1887 quibus
1056 1839 1190 1886 quoties

48 1911 89 1945 ad
119 1911 258 1957 plenam
291 1907 614 1943 commentationem
651 1906 760 1940 otium
800 1905 946 1945 deesset,
985 1916 1024 1937 ea
1058 1911 1189 1936 tantum

143 2062 176 2107 ¹)
198 2061 372 2096 Ed.Huet.
384 2060 491 2106 prior,
505 2059 620 2104 itemq.
633 2059 684 2093 ed.
695 2058 803 2092 Ruaei
815 2072 821 2092 :
835 2059 916 2092 haec
927 2066 1129 2102 perurgente
1143 2064 1187 2088 te.

143 2118 177 2163 ²)
202 2118 271 2152 cfr.
296 2117 374 2162 Sap.
401 2116 505 2151 Sirac.
529 2115 652 2157 ΧΧΠ,
678 2115 731 2152 19.
758 2113 1022 2161 (Ecclesiastic.)

145 2173 179 2219 8)
207 2173 276 2207 Cfr.
301 2173 379 2218 Sap.
405 2172 511 2207 Sirac.
537 2171 642 2215 XXI,
666 2172 719 2208 15.
747 2169 1013 2217 (Ecclesiastic.)

145 2229 179 2274 ²)
205 2229 274 2263 Csr.
299 2229 427 2262 Erasm.
454 2228 495 2261 de
521 2228 630 2263 doctr.
657 2238 690 2262 et
714 2228 790 2262 libr.
817 2228 954 2272 Origen.

149 2286 182 2334 ⁵)
208 2285 277 2322 Cfr.
303 2284 386 2320 Sixt.
413 2284 549 2322 Senens.
574 2283 651 2321 libr.
670 2285 729 2322 IV.
754 2284 844 2321 Bibl.
