1422 2472
357 94 670 128 OmGEmANORUM
701 92 815 125 Lmen
840 90 902 123 111.
1138 89 1200 124 169

73 184 203 226 linguae
240 197 360 228 parum
400 184 572 217 consultus
611 183 674 215 fuit
710 181 938 226 Epiphanius,
981 179 1089 213 oratio
1126 181 1200 212 bar-

72 247 170 285 bara,
210 245 385 290 dissipata,
422 255 455 277 et
486 245 620 281 inculta.
668 244 805 278 Summa
833 241 953 275 veteris
984 241 1075 273 illius
1099 240 1201 273 inter-

71 308 176 352 pretis
200 307 386 347 barbaries,
417 308 471 339 vix
503 306 684 339 mediocris
716 304 886 338 idiomatis
918 303 1038 336 Graeci
1069 301 1202 347 peritia,

71 370 171 413 plane
195 369 287 401 nulla
311 370 344 401 in
370 368 565 401 evolvendis
598 367 849 400 obscurioribus
878 365 1051 399 sententiis
1075 364 1203 410 perspi-

73 431 209 471 cacitas;
233 430 326 476 cujus
349 430 412 462 sibi
438 430 589 462 conscius
614 429 815 461 difficillima
839 441 991 472 quaeque
1014 427 1106 472 quasi
1125 439 1203 459 con-

73 493 162 524 sulto
183 491 416 536 praetermisit.
472 491 571 523 Certe
604 500 671 523 tam
702 489 857 522 abnormi
881 489 1015 521 licentia
1039 488 1204 532 interpre—

72 552 235 585 tationem
260 553 344 586 hanc
368 553 620 592 administravit,
644 561 683 584 ut
703 551 856 583 mirabile
881 550 941 583 sit:
966 559 1053 582 totas
1067 550 1203 594 paginas

73 614 231 654 detraxit,
261 624 349 648 totas
381 614 529 654 addidit,
566 627 628 647 nec
659 613 789 658 uspiam
825 612 996 656 exemplar
1027 621 1203 644 assectatus

72 685 130 709 est.
176 677 302 709 Verum
326 676 498 708 historiam
522 675 724 720 tripartitam
756 675 797 706 ab
820 674 886 706 hoc
909 673 1101 718 Epiphanio
1126 673 1205 705 scri-

73 747 164 781 ptam
189 737 217 770 si
241 737 314 782 quis
338 746 491 770 accurate
517 750 592 769 cum
618 744 745 768 vetusta
769 735 828 767 illa
846 734 1040 776 Origeniani
1066 734 1099 767 in
1117 735 1203 767 Mat-

71 798 205 830 thaeum
233 789 475 830 Commentarii
504 797 783 843 interpretatione
814 795 1017 835 conflixerit,
1040 809 1204 828 summam

71 859 140 892 stili
164 859 440 904 discrepantiam,
476 869 574 904 atque
605 860 688 892 lianc
712 859 821 891 multo
852 859 911 891 illa
931 857 1205 902 inquinatiorem,

74 930 107 953 et
130 921 314 954 innumeris
346 921 589 953 vocabulorum
619 920 786 966 portentis
819 919 1062 953 deformiorem
1095 919 1205 950 ofsen-

74 984 141 1017 det.
189 984 348 1028 Aequalis
372 983 557 1028 Epiphanii
581 983 644 1016 fuit
668 983 823 1016 Bellator
847 981 982 1026 quidam
1011 980 1205 1013 Cassiodori

73 1043 191 1076 itidem
216 1045 401 1084 familiaris,
427 1044 520 1090 cujus
543 1054 661 1086 rogatu
686 1045 808 1076 multas
824 1044 1032 1076 Graecorum
1051 1042 1206 1086 scriptio-

73 1118 149 1146 nes,
180 1106 358 1138 nonnullas
391 1105 490 1138 etiam
525 1106 682 1147 Origenis
720 1106 825 1138 latino
856 1118 1010 1137 sermone
1041 1103 1206 1148 rependit.

75 1167 165 1200 Huic
189 1168 216 1200 si
241 1168 313 1212 quis
340 1167 673 1200 Commentariorum
704 1166 738 1198 in
768 1167 977 1199 B‘Iatthaeum
1008 1165 1202 1209 interpreta-

75 1230 202 1260 tionem
228 1228 428 1272 adscriptam
454 1228 545 1268 velit,
569 1242 637 1260 non
662 1229 758 1260 valde
783 1228 987 1271 repugnabo.
1026 1228 1096 1259 Nec
1120 1226 1207 1258 mul-

75 1299 145 1322 tum
170 1291 365 1322 adversatur
389 1290 601 1335 conjecturae
625 1299 758 1322 nostrae
788 1288 980 1322 Cassiodori
1007 1289 1046 1319 de
1072 1289 1132 1320 hac
1158 1287 1206 1319 in-

74 1351 315 1395 terpretatione
340 1351 533 1391 silentium,
566 1352 624 1395 qui
656 1350 736 1383 alias
767 1350 944 1394 plerasque
969 1349 1151 1394 Epiphanii
1175 1358 1207 1381 et

73 1413 256 1446 Bellatoris
280 1412 313 1445 in
338 1412 427 1445 libro
453 1413 494 1445 de
519 1412 730 1445 institutione
755 1412 943 1444 divinarum
967 1411 1205 1455 scripturarum

75 1475 259 1507 recensuit:
292 1487 368 1506 nam
402 1483 479 1518 post
515 1473 643 1506 editum
668 1474 756 1506 hunc
781 1486 799 1505 a
823 1473 1027 1506 Cassiodoro
1052 1472 1207 1504 libellum

75 1536 245 1569 lucubrari
270 1549 306 1568 ea
330 1535 454 1580 potuit.

165 1599 219 1631 De
244 1607 373 1642 septem
400 1596 552 1639 Origenis
577 1596 610 1628 in
623 1596 831 1629 Matthaeum
847 1597 1018 1637 Homiliis,
1044 1609 1127 1641 quae
1151 1595 1207 1628 ha-

75 1661 198 1692 bentur
220 1659 307 1692 inter
332 1672 404 1698 eas,
434 1671 513 1702 quas
539 1658 570 1689 in
596 1658 745 1690 diversos
771 1659 870 1699 vulgo
892 1659 1074 1702 appellant,
1100 1670 1206 1702 quon-

76 1722 141 1754 iam
168 1721 287 1753 incerti
312 1731 387 1753 sunt
412 1720 566 1758 auctoris,
591 1733 651 1752 suo
679 1721 757 1752 loco
783 1720 1037 1764 disputabimus,

166 1783 262 1816 XIII.
311 1783 482 1815 Homiliae
508 1781 662 1822 Origenis
696 1781 729 1813 in
761 1782 979 1824 Evangelium
1011 1782 1120 1813 Lucae
1150 1780 1208 1812 tri-

78 1845 168 1886 ginta
191 1857 313 1876 novem
338 1845 441 1876 latina
467 1843 615 1876 editione
634 1843 857 1876 continentur.
898 1844 1118 1887 Interpretem
1137 1854 1206 1874 sese

79 1907 250 1950 professus
276 1915 325 1938 est
349 1905 576 1950 Hieronymus
606 1904 639 1936 in
666 1905 814 1946 prologo
840 1905 919 1949 ipsis
951 1913 1143 1949 praetexto,
1175 1912 1208 1934 et

80 1967 113 1998 in
146 1968 232 1999 libro
259 1968 301 1999 de
331 1967 489 2010 scriptor.
521 1966 639 1999 eccles.
666 1980 736 2011 cap.
764 1967 837 2001 146.
885 1967 1040 1999 Erasmus
1071 1965 1104 1996 in
1137 1964 1208 2008 epi-

81 2028 167 2060 stola
202 2029 244 2060 ad
273 2028 492 2061 Franciscum
526 2027 714 2070 Cigalinum
749 2028 944 2072 scripserat,
982 2028 1037 2058 has
1073 2025 1209 2058 alterius

82 2089 252 2134 cujusdam
280 2103 350 2122 esse
375 2090 501 2129 videri,
526 2103 625 2134 quam
651 2089 826 2131 Origenis,
857 2091 914 2122 sed
939 2090 971 2121 in
997 2089 1144 2121 Censura
1168 2087 1209 2118 ad

82 2151 186 2183 libros
219 2151 373 2192 Origenis
404 2131 564 2184 mutavit⁶
577 2151 793 2193 sententiam,
831 2161 863 2183 ct
888 2163 1003 2183 verum
1038 2158 1208 2181 auctorem

84 2212 226 2254 agnovit.
271 2212 500 2245 Nihilominus
525 2212 570 2245 ita
592 2213 738 2245 disserit:
768 2215 823 2245 »ln
841 2214 1003 2254 Catalogo
1029 2221 1138 2243 tamen
1164 2209 1210 2241 ita

85 2274 165 2306 facit
190 2273 286 2318 liujus
311 2274 421 2317 operis
445 2275 650 2307 mentionem
678 2274 949 2320 (Hieronymus)
975 2282 1013 2305 ut
1038 2271 1139 2313 magis
1164 2269 1211 2302 vi-
