1413 2482
175 115 241 153 148
512 115 627 150 Pmm
652 115 828 150 Daunius
852 115 986 152 Huss‘ru

176 207 363 253 interprete
389 207 527 249 dignum
553 215 636 240 erat.
685 205 797 239 Inanis
822 205 936 252 itaque
963 215 1013 241 est
1038 206 1191 241 Andreae
1209 207 1323 241 Riveti

177 270 389 311 observatio,
422 279 599 303 auctorem
630 268 863 302 Homiliarum
894 268 1033 302 istarum
1064 269 1222 303 Latinum
1253 282 1324 303 esse

177 345 216 366 ex
249 346 290 366 eo
322 332 507 375 arguentis,
539 333 634 378 quod
667 320 800 368 Hamil..
827 331 907 365 ΧῙῘ.
938 331 1101 373 num.2.,
1131 331 1326 367 differentia

176 404 317 428 notetur
345 395 436 429 inter
469 395 711 435 »cxcudere,‹<
750 403 784 426 et
820 393 1052 427 »exciderem
1092 407 1178 440 quae
1207 395 1326 429 Rufini

175 457 372 504 interpretis
395 457 650 492 munificentiae
675 465 815 502 accepta
838 457 1018 490 referenda
1041 466 1128 491 sunt.
1167 456 1328 491 Oratiun-

179 521 271 555 culas
305 534 387 555 vero
420 521 455 554 in
485 518 801 554 Deuteronomium
838 532 907 565 quo
939 519 1051 554 minus
1075 519 1194 554 Latine
1226 533 1329 566 expo-

180 584 304 628 suerit,
331 583 623 631 quemadmodum
648 582 762 617 animo
789 582 1035 625 destinaverat,
1067 596 1160 617 mors
1184 582 1331 629 impedi-

179 657 298 681 mento
323 647 401 682 suit.

271 709 313 745 V.
360 708 530 742 Homilias
556 708 716 752 Origenis
739 708 776 742 in
799 709 904 742 Josue
936 722 993 742 sex
1028 718 1062 744 et
1085 707 1205 753 viginti
1229 708 1332 743 latina

179 771 281 806 nobis
306 771 443 805 exhibet
467 772 584 807 editio.
633 771 847 818 Hieronymo
872 771 1188 817 interpretationem
1212 772 1334 806 tribuit

180 835 302 868 titulus
326 834 487 877 Prologi:
524 835 584 868 scd
609 843 678 868 tam
708 833 965 878 interpretatio,
997 848 1098 881 quam
1128 835 1332 881 interpreta-

181 898 269 932 tioni
293 898 460 943 praefixus
473 897 642 940 Prologus
658 910 799 943 prorsus
815 898 978 932 Rufinum
999 907 1175 931 auctorem
1196 898 1330 931 liabent.

184 963 236 995 Ac
259 961 356 994 stilus
381 961 522 1006 quidem
546 960 627 993 stilo
652 960 868 1005 superiorum
894 960 1126 994 Homiliarum
1152 974 1229 994 cum
1256 974 1332 994 ora-

183 1023 288 1057 tionis
314 1032 492 1064 contextu,
522 1032 597 1056 tum
630 1023 819 1057 dictionum
855 1023 993 1057 delectu
1023 1036 1189 1069 perquam
1213 1023 1332 1058 similis

184 1097 245 1121 est.
292 1085 365 1120 Nec
388 1085 613 1130 interpretem
637 1099 672 1119 se
697 1085 888 1119 dissimulat
911 1086 984 1131 ipse
1006 1086 1150 1119 Rufinus
1174 1086 1209 1119 in
1225 1087 1334 1120 Pero-

184 1148 316 1182 ratione
340 1161 420 1182 suae
445 1148 736 1194 interpretationis
763 1148 1102 1182 Commentariorum
1118 1149 1273 1192 Origenis
1298 1149 1334 1183 in

189 1211 284 1256 epist.
311 1211 354 1244 ad
378 1211 564 1246 Romanos.
613 1211 782 1253 Prologus
816 1224 955 1256 quoquc
979 1211 1174 1246 Rufinianas
1205 1225 1335 1246 merces

189 1275 270 1307 olet.
321 1274 391 1308 Cur
408 1273 619 1321 Hieronymo
646 1274 794 1307 tributus
819 1274 873 1314 sit,
900 1286 1032 1307 caussae
1056 1273 1093 1307 id
1109 1275 1213 1309 fuisse
1237 1284 1337 1321 puto.

187 1337 379 1382 Scripserat
411 1337 446 1370 in
470 1338 623 1380 Prologo
649 1337 794 1371 Galeato
819 1336 1068 1382 Hieronymus:
1110 1338 1177 1370 »In
1202 1337 1334 1384 templo

185 1400 255 1433 Dei
279 1400 386 1433 offert
408 1399 640 1444 unusquisque
668 1399 762 1444 quod
796 1407 928 1444 potest:
965 1399 1024 1432 alii
1048 1411 1188 1441 aurum,
1219 1412 1336 1444 argen-

185 1472 279 1504 tum,
311 1471 344 1496 et
368 1461 499 1507 lapides
524 1462 713 1508 pretiosos:
754 1461 813 1494 alii
838 1462 975 1508 byssum
1001 1470 1035 1494 et
1059 1474 1268 1508 purpuram,
1301 1471 1335 1496 et

188 1538 332 1560 coccum
357 1524 528 1566 offerunt,
561 1534 595 1557 et
625 1524 862 1571 hyacinthum:
899 1524 1079 1558 nobiscum
1102 1525 1191 1559 bene
1213 1524 1336 1569 agitur,

186 1588 214 1622 si
239 1587 465 1621 obtulerimus
489 1586 617 1631 pelles,
642 1596 675 1619 et
700 1600 876 1632 caprarum
901 1587 1024 1632 pilos«
1073 1587 1167 1621 Haec
1190 1587 1226 1620 in
1249 1587 1336 1621 Pro—

188 1652 269 1693 logo
295 1663 356 1684 suo
391 1649 738 1695 expressivRusinus,
771 1659 806 1683 et
838 1650 1000 1683 dilatavit.
1049 1649 1147 1683 Idem
1172 1650 1338 1683 Chroma-

190 1713 277 1746 tium
302 1712 501 1757 alloquitur,
526 1725 628 1758 quem
641 1712 915 1746 praefationibus
939 1713 1007 1745 suis
1030 1712 1064 1745 in
1078 1712 1338 1758 Paralipomena

191 1785 224 1808 et
255 1775 289 1807 in
322 1774 470 1807 Tobiam
505 1775 736 1821 Hieronymus
772 1775 968 1820 compellat.
1016 1774 1090 1808 Hos
1129 1775 1183 1807 illi
1217 1775 1337 1810 titulos

187 1837 328 1879 largitur
352 1836 513 1869 Rufinus:
547 1837 607 1870 »O
634 1837 682 1869 mi
714 1850 850 1882 semper
875 1836 1076 1870 venerahilis
1107 1846 1206 1883 pater
1229 1837 1339 1871 Chro-

188 1899 317 1933 matiz«
353 1898 435 1932 istos
461 1898 691 1945 Hieronymus
724 1899 758 1931 in
789 1899 942 1941 Prologo
969 1899 1049 1933 libri
1066 1901 1111 1934 II.
1145 1899 1337 1934 commem.

186 1961 222 1995 in
247 1961 426 1994 Habacuc:
469 1962 548 1994 »Mi
573 1961 769 2002 Chromati,
799 1974 887 2006 papa
919 1961 1159 1996 venerabilis.«
1207 1963 1258 1996 Ex
1287 1962 1338 1995 his

187 2033 285 2058 natus
315 2036 421 2057 error.
470 2023 590 2067 Nec')
625 2022 661 2056 id
695 2036 772 2056 casu
803 2034 935 2064 tamen,
967 2023 1027 2057 sed
1058 2023 1189 2058 dolosis
1220 2022 1338 2058 Rufini

288 2155 319 2199 ¹)
349 2153 433 2186 Levi
466 2152 653 2185 admodum
690 2152 913 2185 fundamento
950 2152 1072 2186 nititur
1102 2152 1225 2187 Huetii
1258 2166 1338 2186 con-

189 2199 327 2234 ’ectura.
376 2197 472 2242 Quid
497 2198 614 2232 enim?
661 2197 710 2230 Ex
737 2210 796 2238 eo,
824 2199 917 2243 quod
942 2198 1174 2245 Hieronymus
1197 2198 1337 2240 Prolog.

186 2215 305 2280 iib.11.
333 2244 566 2280 Commentar.
583 2243 617 2277 in
636 2242 797 2276 Habacuc
822 2245 865 2276 ad
883 2243 1121 2278 chromatium
1145 2244 1335 2290 scripserit:

188 2290 268 2324 »Mi
294 2289 491 2329 Chwumni,
521 2301 610 2333 papa
636 2288 883 2322 venerabilis:«
913 2288 1055 2323 Rufinus
1088 2289 1201 2323 eidem
1227 2288 1336 2322 Chro-

187 2337 311 2375 matio,
340 2335 434 2380 cujus
458 2346 527 2368 non
553 2334 664 2367 minus
690 2334 866 2367 familiaris
892 2334 998 2368 fuisse
1024 2334 1178 2378 videtur,
1206 2330 1335 2367 fluctio
