1422 2472
377 75 693 107 OMGENJANORUM
728 74 836 107 Lmen
864 75 925 107 111.
1131 75 1193 110 197

59 164 133 208 plex
153 163 491 205 Magdeburgensium
518 163 736 196 hallucinatio
761 163 793 196 in
820 164 869 196 luis
894 163 1044 207 ipsorum
1065 164 1189 196 verbis:

61 224 232 257 „Primum
259 224 405 256 versioni
430 225 553 264 LXX.,
586 238 670 269 quae
695 235 766 257 tum
792 225 893 257 fuisse
919 225 1052 257 videtur
1077 225 1189 266 vulga-

57 286 192 326 tissima,
217 285 366 331 adjunxit
391 286 533 330 Aquilae
558 285 714 327 Pontici,
741 285 1011 325 Theodotionis,
1036 295 1068 319 et
1092 287 1190 333 Sym—

57 348 166 379 maelii
192 347 357 379 editiones
389 356 538 391 repertas
563 360 579 379 a
614 360 667 387 se,
700 347 808 379 multo
835 357 989 391 tempore
1015 347 1191 380 abscondi-

56 418 121 442 tas:
146 409 244 441 aliam
271 409 409 453 quidem
434 409 595 453 Nicopoli
623 409 654 441 in
683 409 821 441 Actiaco
850 410 969 450 litore;
994 409 1092 441 aliam
1117 410 1190 442 aliis

57 472 89 504 iu
122 471 223 510 locis,
253 470 336 502 sicut
373 471 444 514 ipse
476 471 610 502 scribit:
652 471 812 503 indicavit
844 471 1008 503 Eusebius
1035 471 1106 503 libr.
1132 472 1189 504 Vl.

58 546 128 576 cap.
156 532 208 565 17.
257 531 316 564 His
349 540 467 574 postea
497 532 732 575 superaddidit
765 532 934 576 quintam,
981 542 1126 571 sextam,
1159 541 1191 564 et

56 593 251 637 septimam,
276 605 356 636 quas
382 593 537 625 dixerunt
561 593 745 625 editiones:
780 606 922 637 quarum
948 606 1047 625 unam
1072 594 1188 626 inven-

58 664 122 687 tam
140 667 208 687 esse
225 654 385 686 indicavit
409 654 443 686 in
462 654 636 693 Hiericho,
662 654 695 686 in
721 654 827 694 dolio,
854 664 1010 698 tempore
1027 654 1191 686 Antonini

58 716 278 750 Caracallae.«
313 717 399 748 Nam
424 724 460 747 ut
486 716 526 747 de
542 715 732 761 Symmachi
758 715 1039 760 interpretatione
1063 716 1190 755 sileam,

56 777 198 821 Aquilae
231 786 264 809 et
288 776 537 810 Theodotionis
571 777 736 810 editiones
769 779 810 810 ab
837 778 986 819 Origene
1012 776 1115 809 fuisse
1139 789 1191 808 re-

55 848 166 883 pertas
197 838 334 883 probari
364 838 504 870 minime
535 848 666 883 potest3
701 852 764 872 nec
797 840 902 871 ullam
942 853 978 871 cx
1011 838 1053 876 iis
1077 838 1190 877 vtribus

55 900 218 946 Nicopoli
241 900 411 933 inventam
437 900 536 933 fuisse
556 914 670 933 verum
691 910 750 940 est,
775 902 833 933 sed
850 910 984 933 sextam.
1025 889 1189 939 Omnium

56 975 135 995 vero
160 962 352 1006 turpissime
385 962 507 994 erravit
532 962 642 996 Sixtus
669 963 826 996 Senensis
859 962 935 995 libr.
954 962 1011 994 lV.
1038 970 1071 993 et
1095 961 1188 993 Vlll.

55 1024 236 1065 Biblioth.‚
268 1024 327 1067 qui
352 1025 512 1068 Tetrapla
544 1037 619 1056 cum
647 1025 806 1068 Hexaplis
840 1024 1015 1063 confudit,
1049 1032 1081 1055 et
1114 1035 1189 1066 per·-

57 1086 208 1124 miscuit‚
233 1085 385 1129 Hexapla
412 1097 490 1117 vero
516 1085 557 1116 ab
583 1085 737 1129 Octaplis
763 1085 936 1125 discrevit,
969 1085 1128 1128 idemque
1153 1093 1189 1116 ut

55 1147 181 1179 faceret
212 1146 283 1179 viro
318 1146 451 1179 cuidam
484 1159 604 1187 magno
638 1145 825 1189 persuasit;
854 1145 979 1190 quique
1011 1145 1188 1189 septimam

56 1208 242 1241 editionem
266 1221 327 1254 nec
350 1208 384 1240 in
400 1207 571 1251 Hexapfis,
596 1220 659 1239 nec
684 1207 718 1239 in
734 1207 886 1251 Octaplis
912 1219 1060 1251 unquam
1084 1206 1188 1238 fuisse

56 1269 272 1311 asseveravit;
304 1269 509 1302 contrarium
536 1269 667 1301 disertis
693 1269 802 1301 verbis
826 1269 1014 1301 affirmante
1040 1268 1188 1301 Eusebio

57 1333 131 1366 libr.
150 1333 207 1364 Vl.
233 1331 321 1364 Hist.
347 1343 417 1375 cap.
437 1331 489 1365 16.

59 1432 62 1434 q
144 1394 218 1426 Vll.
259 1392 362 1426 Aliud
385 1402 557 1437 praeterea
584 1392 776 1433 diligentiae
804 1392 961 1433 Origenis
986 1404 1188 1423 monumen-

55 1465 126 1488 tum
151 1455 303 1499 Hexapla
325 1456 570 1498 praeferebant.
617 1455 801 1486 Notaverat
831 1454 907 1491 ille,
937 1466 1032 1484 senes
1056 1462 1189 1496 septua-

55 1517 146 1559 ginta
170 1530 268 1549 voces
302 1516 446 1559 aliquas,
480 1515 620 1559 quaein
646 1516 802 1547 Hebraeo
835 1516 1052 1553 haberentur,
1086 1514 1187 1546 inter-

54 1579 219 1624 pretando
245 1577 445 1620 neglexisse,
479 1577 656 1609 nonnullas
689 1585 800 1608 autem
832 1577 872 1608 de
904 1589 965 1608 suo
999 1575 1186 1614 inseruisse,

57 1641 214 1685 variaque
237 1640 388 1684 ipsorum
415 1638 623 1671 circumferri
649 1638 851 1682 exemplaria
876 1639 964 1670 inter
987 1651 1021 1670 se
1047 1637 1186 1683 diversa,

58 1713 89 1736 et
113 1703 182 1735 sive
207 1716 245 1734 ex
269 1702 449 1746 supinitate
482 1699 716 1739 librariorum,
749 1699 818 1731 sive
845 1712 882 1732 ex
908 1699 1115 1732 Criticorum
1139 1708 1186 1731 te—

58 1765 209 1798 meritate
236 1764 364 1796 vitiata:
399 1763 474 1795 hinc
500 1762 685 1795 calumniae
717 1774 829 1792 ansam
853 1761 1001 1805 arripere
1027 1762 1185 1799 Judaeos‚

59 1825 223 1872 ejusmodi
248 1825 559 1870 interpretationem
586 1824 618 1856 in
639 1822 905 1855 Christianorum
926 1823 1073 1855 ecclesiis
1091 1835 1186 1867 prae-

59 1887 123 1928 legi
146 1887 255 1919 solere
282 1897 478 1926 caussantes,
503 1899 586 1930 quae
602 1885 787 1918 Hebraicae
816 1884 946 1916 veritati
970 1884 1003 1916 in
1031 1885 1186 1916 omnibus

59 1961 126 1980 non
152 1948 363 1981 consentiret.
397 1948 624 1981 Consulantur
649 1947 751 1990 ipsius
766 1947 894 1978 'somus
919 1945 951 1977 in
977 1946 1186 1978 Matthaeum

61 2009 207 2042 decimus
231 2010 376 2054 quintus,
401 2019 432 2041 et
457 2009 600 2052 epistola
624 2010 666 2041 ad
694 2008 900 2047 Africanum,
926 2007 982 2039 ubi
1009 2008 1049 2039 de
1063 2008 1185 2039 Exem-

60 2071 202 2115 plarium
242 2074 311 2105 τῶν
347 2071 598 2114 ἑβδομήκοντα
634 2070 869 2114 corruptione,
909 2079 941 2101 et
977 2069 1184 2100 ,ludaeorum

59 2132 236 2165 calumniis
260 2132 399 2164 disserit.
447 2133 508 2165 His
533 2132 758 2164 incommodis
783 2141 819 2164 ut
845 2141 1054 2169 occurreret,
1085 2131 1186 2162 inter-

62 2194 283 2238 pretationem
308 2194 512 2237 septuaginta
545 2207 660 2226 senum
692 2193 881 2226 emendavit
913 2206 951 2224 cx
975 2192 1184 2236 optimorum

63 2255 299 2300 exemplarium
325 2254 402 2293 side,
427 2265 525 2299 atque
550 2255 619 2300 ejus
644 2256 850 2300 praesertim,
875 2256 965 2298 quod
985 2254 1016 2286 in
1035 2255 1182 2297 Scrapeo
