<?xml version="1.0" encoding="UTF-8"?>
<!DOCTYPE html PUBLIC "-//W3C//DTD XHTML 1.0 Transitional//EN"
    "http://www.w3.org/TR/xhtml1/DTD/xhtml1-transitional.dtd">
<html xmlns="http://www.w3.org/1999/xhtml" xml:lang="en" lang="en">
 <head>
  <title>
</title>
<meta http-equiv="Content-Type" content="text/html;charset=utf-8" />
  <meta name='ocr-system' content='tesseract 3.04.00' />
  <meta name='ocr-capabilities' content='ocr_page ocr_carea ocr_par ocr_line ocrx_word'/>
</head>
<body>
  <div class='ocr_page' id='page_1' title='image "./operaomniaquaegr24orig/operaomniaquaegr24orig_0243.png"; bbox 0 0 1422 2472; ppageno 0'>
   <div class='ocr_carea' id='block_1_1' title="bbox 351 97 1183 137">
    <p class='ocr_par' dir='ltr' id='par_1_1' title="bbox 351 97 1183 137">
     <span class='ocr_line' id='line_1_1' title="bbox 351 97 1183 137; baseline -0.005 -1"><span class='ocrx_word' id='word_1_1' title='bbox 351 103 664 137; x_wconf 71' lang='lat' dir='ltr'>OfflGEMANoiqu</span> <span class='ocrx_word' id='word_1_2' title='bbox 688 103 801 135; x_wconf 66' lang='lat' dir='ltr'>Lmen</span> <span class='ocrx_word' id='word_1_3' title='bbox 828 101 886 134; x_wconf 74' lang='grc' dir='ltr'><strong>ΙΙΙ.</strong></span> <span class='ocrx_word' id='word_1_4' title='bbox 1115 97 1183 133; x_wconf 81' lang='lat'>229</span> 
     </span>
    </p>
   </div>
   <div class='ocr_carea' id='block_1_2' title="bbox 45 187 1177 791">
    <p class='ocr_par' dir='ltr' id='par_1_2' title="bbox 45 187 1177 791">
     <span class='ocr_line' id='line_1_2' title="bbox 50 187 1176 236; baseline -0.006 -10"><span class='ocrx_word' id='word_1_5' title='bbox 50 193 129 226; x_wconf 78' lang='lat' dir='ltr'>fecit</span> <span class='ocrx_word' id='word_1_6' title='bbox 152 193 316 226; x_wconf 84' lang='lat' dir='ltr'>Eusebius</span> <span class='ocrx_word' id='word_1_7' title='bbox 348 194 423 227; x_wconf 82' lang='lat' dir='ltr'>libr.</span> <span class='ocrx_word' id='word_1_8' title='bbox 439 194 497 227; x_wconf 88' lang='lat' dir='ltr'>Vl.</span> <span class='ocrx_word' id='word_1_9' title='bbox 523 193 650 225; x_wconf 85' lang='lat' dir='ltr'>Histor.</span> <span class='ocrx_word' id='word_1_10' title='bbox 676 205 749 236; x_wconf 88' lang='lat' dir='ltr'>cap.</span> <span class='ocrx_word' id='word_1_11' title='bbox 776 192 844 231; x_wconf 52' lang='lat'>15„</span> <span class='ocrx_word' id='word_1_12' title='bbox 870 190 924 224; x_wconf 85' lang='lat' dir='ltr'>cui</span> <span class='ocrx_word' id='word_1_13' title='bbox 947 187 1094 234; x_wconf 83' lang='lat' dir='ltr'>tempori</span> <span class='ocrx_word' id='word_1_14' title='bbox 1119 189 1176 220; x_wconf 86' lang='lat' dir='ltr'>ad-</span> 
     </span>
     <span class='ocr_line' id='line_1_3' title="bbox 47 251 1175 301; baseline -0.006 -13"><span class='ocrx_word' id='word_1_15' title='bbox 47 254 211 301; x_wconf 81' lang='lat' dir='ltr'>jungenda</span> <span class='ocrx_word' id='word_1_16' title='bbox 227 254 269 288; x_wconf 89' lang='lat' dir='ltr'>sit</span> <span class='ocrx_word' id='word_1_17' title='bbox 285 255 478 300; x_wconf 82' lang='lat' dir='ltr'><strong>descriptio,</strong></span> <span class='ocrx_word' id='word_1_18' title='bbox 502 264 646 287; x_wconf 80' lang='lat' dir='ltr'><strong>statuere</strong></span> <span class='ocrx_word' id='word_1_19' title='bbox 661 263 836 299; x_wconf 86' lang='lat' dir='ltr'>promtum</span> <span class='ocrx_word' id='word_1_20' title='bbox 853 265 921 284; x_wconf 87' lang='lat' dir='ltr'>non</span> <span class='ocrx_word' id='word_1_21' title='bbox 939 261 997 284; x_wconf 89' lang='lat' dir='ltr'>est.</span> <span class='ocrx_word' id='word_1_22' title='bbox 1033 251 1175 283; x_wconf 82' lang='lat' dir='ltr'>Factum</span> 
     </span>
     <span class='ocr_line' id='line_1_4' title="bbox 48 311 1176 359; baseline -0.005 -10"><span class='ocrx_word' id='word_1_23' title='bbox 48 317 81 349; x_wconf 88' lang='lat' dir='ltr'>id</span> <span class='ocrx_word' id='word_1_24' title='bbox 106 316 289 359; x_wconf 81' lang='lat' dir='ltr'>significare</span> <span class='ocrx_word' id='word_1_25' title='bbox 316 316 449 348; x_wconf 73' lang='lat' dir='ltr'>videtur</span> <span class='ocrx_word' id='word_1_26' title='bbox 463 316 629 349; x_wconf 81' lang='lat' dir='ltr'>Eusebius</span> <span class='ocrx_word' id='word_1_27' title='bbox 655 316 763 348; x_wconf 81' lang='lat' dir='ltr'>multo</span> <span class='ocrx_word' id='word_1_28' title='bbox 782 324 961 359; x_wconf 87' lang='lat' dir='ltr'>antequam</span> <span class='ocrx_word' id='word_1_29' title='bbox 977 311 1176 345; x_wconf 82' lang='lat' dir='ltr'><strong>Alexandria</strong></span> 
     </span>
     <span class='ocr_line' id='line_1_5' title="bbox 47 374 1177 420; baseline -0.005 -9"><span class='ocrx_word' id='word_1_30' title='bbox 47 378 209 420; x_wconf 80' lang='lat' dir='ltr'>Origenes</span> <span class='ocrx_word' id='word_1_31' title='bbox 233 379 442 416; x_wconf 73' lang='lat' dir='ltr'>excessisset,</span> <span class='ocrx_word' id='word_1_32' title='bbox 474 387 553 410; x_wconf 89' lang='lat' dir='ltr'>tunc</span> <span class='ocrx_word' id='word_1_33' title='bbox 578 377 755 416; x_wconf 86' lang='lat' dir='ltr'>nimirum,</span> <span class='ocrx_word' id='word_1_34' title='bbox 792 390 868 409; x_wconf 88' lang='lat' dir='ltr'>cum</span> <span class='ocrx_word' id='word_1_35' title='bbox 893 374 1110 408; x_wconf 86' lang='lat' dir='ltr'>Ambrosium</span> <span class='ocrx_word' id='word_1_36' title='bbox 1134 374 1177 406; x_wconf 87' lang='lat' dir='ltr'>ad</span> 
     </span>
     <span class='ocr_line' id='line_1_6' title="bbox 48 435 1177 483; baseline -0.005 -10"><span class='ocrx_word' id='word_1_37' title='bbox 48 439 173 473; x_wconf 76' lang='lat' dir='ltr'>Christi</span> <span class='ocrx_word' id='word_1_38' title='bbox 208 440 312 473; x_wconf 87' lang='lat' dir='ltr'>fidem</span> <span class='ocrx_word' id='word_1_39' title='bbox 351 440 580 471; x_wconf 77' lang='lat' dir='ltr'>convertebat.</span> <span class='ocrx_word' id='word_1_40' title='bbox 639 439 849 483; x_wconf 81' lang='lat' dir='ltr'>Epiphanius</span> <span class='ocrx_word' id='word_1_41' title='bbox 875 440 905 483; x_wconf 82' lang='lat'>¹)</span> <span class='ocrx_word' id='word_1_42' title='bbox 949 447 1059 470; x_wconf 88' lang='lat' dir='ltr'>autem</span> <span class='ocrx_word' id='word_1_43' title='bbox 1094 435 1177 481; x_wconf 74' lang='lat' dir='ltr'>Tyri</span> 
     </span>
     <span class='ocr_line' id='line_1_7' title="bbox 46 496 1177 541; baseline -0.005 -7"><span class='ocrx_word' id='word_1_44' title='bbox 46 501 220 534; x_wconf 87' lang='lat' dir='ltr'>lucubrata</span> <span class='ocrx_word' id='word_1_45' title='bbox 244 514 282 533; x_wconf 87' lang='lat' dir='ltr'>ea</span> <span class='ocrx_word' id='word_1_46' title='bbox 312 513 382 532; x_wconf 90' lang='lat' dir='ltr'>non</span> <span class='ocrx_word' id='word_1_47' title='bbox 414 500 519 533; x_wconf 90' lang='lat' dir='ltr'>semel</span> <span class='ocrx_word' id='word_1_48' title='bbox 550 500 758 532; x_wconf 84' lang='lat' dir='ltr'>asseveravit.</span> <span class='ocrx_word' id='word_1_49' title='bbox 807 500 878 541; x_wconf 86' lang='lat' dir='ltr'>Ego</span> <span class='ocrx_word' id='word_1_50' title='bbox 907 512 985 531; x_wconf 87' lang='lat' dir='ltr'>vero</span> <span class='ocrx_word' id='word_1_51' title='bbox 1011 497 1103 530; x_wconf 87' lang='lat' dir='ltr'>aliud</span> <span class='ocrx_word' id='word_1_52' title='bbox 1127 496 1177 528; x_wconf 88' lang='lat' dir='ltr'>rei</span> 
     </span>
     <span class='ocr_line' id='line_1_8' title="bbox 49 560 1177 607; baseline -0.005 -12"><span class='ocrx_word' id='word_1_53' title='bbox 49 564 124 595; x_wconf 84' lang='lat' dir='ltr'>huic</span> <span class='ocrx_word' id='word_1_54' title='bbox 148 573 280 607; x_wconf 86' lang='lat' dir='ltr'>tempus</span> <span class='ocrx_word' id='word_1_55' title='bbox 306 562 452 606; x_wconf 84' lang='lat' dir='ltr'>deputo,</span> <span class='ocrx_word' id='word_1_56' title='bbox 487 562 619 606; x_wconf 86' lang='lat' dir='ltr'>quando</span> <span class='ocrx_word' id='word_1_57' title='bbox 654 561 783 593; x_wconf 87' lang='lat' dir='ltr'>scilicet</span> <span class='ocrx_word' id='word_1_58' title='bbox 809 560 1014 594; x_wconf 81' lang='lat' dir='ltr'>Christianos</span> <span class='ocrx_word' id='word_1_59' title='bbox 1040 567 1177 590; x_wconf 76' lang='lat' dir='ltr'>vexante</span> 
     </span>
     <span class='ocr_line' id='line_1_9' title="bbox 49 620 1177 668; baseline -0.005 -12"><span class='ocrx_word' id='word_1_60' title='bbox 49 624 234 657; x_wconf 84' lang='lat' dir='ltr'>Maximino</span> <span class='ocrx_word' id='word_1_61' title='bbox 267 623 462 656; x_wconf 81' lang='lat' dir='ltr'>Caesaream</span> <span class='ocrx_word' id='word_1_62' title='bbox 487 623 722 668; x_wconf 75' lang='lat' dir='ltr'>Cappadociae</span> <span class='ocrx_word' id='word_1_63' title='bbox 755 623 796 654; x_wconf 89' lang='lat' dir='ltr'>ad</span> <span class='ocrx_word' id='word_1_64' title='bbox 828 620 1065 654; x_wconf 82' lang='lat' dir='ltr'>Firmilianum</span> <span class='ocrx_word' id='word_1_65' title='bbox 1098 632 1177 651; x_wconf 86' lang='lat' dir='ltr'>con-</span> 
     </span>
     <span class='ocr_line' id='line_1_10' title="bbox 46 682 1176 728; baseline -0.005 -10"><span class='ocrx_word' id='word_1_66' title='bbox 46 686 129 728; x_wconf 82' lang='lat' dir='ltr'>fugit</span> <span class='ocrx_word' id='word_1_67' title='bbox 159 685 331 727; x_wconf 83' lang='lat' dir='ltr'>Origenes.</span> <span class='ocrx_word' id='word_1_68' title='bbox 385 687 415 717; x_wconf 83' lang='lat' dir='ltr'>A</span> <span class='ocrx_word' id='word_1_69' title='bbox 444 685 578 717; x_wconf 86' lang='lat' dir='ltr'>Juliana</span> <span class='ocrx_word' id='word_1_70' title='bbox 610 684 700 716; x_wconf 88' lang='lat' dir='ltr'>enim</span> <span class='ocrx_word' id='word_1_71' title='bbox 732 682 918 715; x_wconf 84' lang='lat' dir='ltr'>liberaliter</span> <span class='ocrx_word' id='word_1_72' title='bbox 954 691 1112 726; x_wconf 84' lang='lat' dir='ltr'>exceptus</span> <span class='ocrx_word' id='word_1_73' title='bbox 1145 691 1176 712; x_wconf 84' lang='lat' dir='ltr'>et</span> 
     </span>
     <span class='ocr_line' id='line_1_11' title="bbox 45 743 1175 791; baseline -0.004 -12"><span class='ocrx_word' id='word_1_74' title='bbox 45 747 149 779; x_wconf 82' lang='lat' dir='ltr'>domo</span> <span class='ocrx_word' id='word_1_75' title='bbox 175 756 207 779; x_wconf 89' lang='lat' dir='ltr'>et</span> <span class='ocrx_word' id='word_1_76' title='bbox 232 745 447 789; x_wconf 81' lang='lat' dir='ltr'>Bibliotheca</span> <span class='ocrx_word' id='word_1_77' title='bbox 470 759 488 778; x_wconf 87' lang='lat' dir='ltr'>a</span> <span class='ocrx_word' id='word_1_78' title='bbox 504 745 705 791; x_wconf 81' lang='lat' dir='ltr'>Symmacho</span> <span class='ocrx_word' id='word_1_79' title='bbox 733 745 816 777; x_wconf 88' lang='lat' dir='ltr'>olim</span> <span class='ocrx_word' id='word_1_80' title='bbox 841 743 1013 784; x_wconf 84' lang='lat' dir='ltr'>instructa,</span> <span class='ocrx_word' id='word_1_81' title='bbox 1037 744 1078 776; x_wconf 90' lang='lat' dir='ltr'>ad</span> <span class='ocrx_word' id='word_1_82' title='bbox 1103 755 1175 775; x_wconf 85' lang='lat' dir='ltr'>eam</span> 
     </span>
    </p>
   </div>
   <div class='ocr_carea' id='block_1_3' title="bbox 45 805 1176 853">
    <p class='ocr_par' dir='ltr' id='par_1_3' title="bbox 45 805 1176 853">
     <span class='ocr_line' id='line_1_12' title="bbox 45 805 1176 853; baseline -0.004 -12"><span class='ocrx_word' id='word_1_83' title='bbox 45 809 167 841; x_wconf 88' lang='lat' dir='ltr'>deinde</span> <span class='ocrx_word' id='word_1_84' title='bbox 207 807 419 840; x_wconf 85' lang='lat' dir='ltr'>haereditatis</span> <span class='ocrx_word' id='word_1_85' title='bbox 462 807 536 853; x_wconf 88' lang='lat' dir='ltr'>jure</span> <span class='ocrx_word' id='word_1_86' title='bbox 572 806 776 847; x_wconf 79' lang='lat' dir='ltr'>transmissa,</span> <span class='ocrx_word' id='word_1_87' title='bbox 818 805 980 850; x_wconf 83' lang='lat' dir='ltr'>nactus²)</span> <span class='ocrx_word' id='word_1_88' title='bbox 1016 805 1087 838; x_wconf 89' lang='lat' dir='ltr'>illie</span> <span class='ocrx_word' id='word_1_89' title='bbox 1127 813 1176 837; x_wconf 88' lang='lat' dir='ltr'>est</span> 
     </span>
    </p>
   </div>
   <div class='ocr_carea' id='block_1_4' title="bbox 43 936 1175 2332">
    <p class='ocr_par' dir='ltr' id='par_1_4' title="bbox 138 936 1175 986">
     <span class='ocr_line' id='line_1_13' title="bbox 138 936 1175 986; baseline -0.004 -10"><span class='ocrx_word' id='word_1_90' title='bbox 138 946 171 984; x_wconf 81' lang='lat'>¹)</span> <span class='ocrx_word' id='word_1_91' title='bbox 198 943 267 976; x_wconf 84' lang='lat' dir='ltr'>Cfr.</span> <span class='ocrx_word' id='word_1_92' title='bbox 277 941 444 986; x_wconf 83' lang='lat' dir='ltr'>Epiphan.</span> <span class='ocrx_word' id='word_1_93' title='bbox 458 941 595 974; x_wconf 75' lang='lat' dir='ltr'>Haeres.</span> <span class='ocrx_word' id='word_1_94' title='bbox 609 941 661 975; x_wconf 75' lang='grc'>64.</span> <span class='ocrx_word' id='word_1_95' title='bbox 678 955 749 986; x_wconf 93' lang='lat' dir='ltr'>cap.</span> <span class='ocrx_word' id='word_1_96' title='bbox 762 941 805 982; x_wconf 84' lang='grc'>3.,</span> <span class='ocrx_word' id='word_1_97' title='bbox 819 951 851 974; x_wconf 87' lang='lat' dir='ltr'>et</span> <span class='ocrx_word' id='word_1_98' title='bbox 866 942 907 974; x_wconf 91' lang='lat' dir='ltr'>de</span> <span class='ocrx_word' id='word_1_99' title='bbox 921 940 1024 985; x_wconf 87' lang='lat' dir='ltr'>pond.</span> <span class='ocrx_word' id='word_1_100' title='bbox 1041 952 1112 983; x_wconf 88' lang='lat' dir='ltr'>cap.</span> <span class='ocrx_word' id='word_1_101' title='bbox 1124 936 1175 972; x_wconf 72' lang='grc'>18.</span> 
     </span>
    </p>

    <p class='ocr_par' dir='ltr' id='par_1_5' title="bbox 43 992 1175 2332">
     <span class='ocr_line' id='line_1_14' title="bbox 139 992 1175 1043; baseline -0.003 -15"><span class='ocrx_word' id='word_1_102' title='bbox 139 999 172 1043; x_wconf 84' lang='lat'>²)</span> <span class='ocrx_word' id='word_1_103' title='bbox 197 999 330 1030; x_wconf 77' lang='lat' dir='ltr'>Ruaeus</span> <span class='ocrx_word' id='word_1_104' title='bbox 353 998 388 1030; x_wconf 82' lang='lat' dir='ltr'>in</span> <span class='ocrx_word' id='word_1_105' title='bbox 411 998 516 1031; x_wconf 79' lang='lat' dir='ltr'>notis:</span> <span class='ocrx_word' id='word_1_106' title='bbox 559 996 772 1029; x_wconf 87' lang='lat' dir='ltr'>»Verisimile</span> <span class='ocrx_word' id='word_1_107' title='bbox 795 1010 864 1029; x_wconf 90' lang='lat' dir='ltr'>non</span> <span class='ocrx_word' id='word_1_108' title='bbox 889 997 1038 1036; x_wconf 86' lang='lat' dir='ltr'>videtur,</span> <span class='ocrx_word' id='word_1_109' title='bbox 1063 992 1175 1038; x_wconf 87' lang='lat' dir='ltr'>inquit</span> 
     </span>
     <span class='ocr_line' id='line_1_15' title="bbox 45 1051 1175 1099; baseline -0.006 -12"><span class='ocrx_word' id='word_1_110' title='bbox 45 1053 286 1087; x_wconf 88' lang='lat' dir='ltr'>Tillemontius</span> <span class='ocrx_word' id='word_1_111' title='bbox 309 1063 380 1086; x_wconf 91' lang='lat' dir='ltr'>not.</span> <span class='ocrx_word' id='word_1_112' title='bbox 397 1053 429 1087; x_wconf 82' lang='lat'>9.</span> <span class='ocrx_word' id='word_1_113' title='bbox 454 1054 488 1086; x_wconf 86' lang='lat' dir='ltr'>in</span> <span class='ocrx_word' id='word_1_114' title='bbox 507 1053 654 1095; x_wconf 76' lang='lat' dir='ltr'>origen,</span> <span class='ocrx_word' id='word_1_115' title='bbox 679 1053 861 1094; x_wconf 86' lang='lat' dir='ltr'>Origenem</span> <span class='ocrx_word' id='word_1_116' title='bbox 885 1051 1077 1099; x_wconf 79' lang='lat' dir='ltr'>Symmachi</span> <span class='ocrx_word' id='word_1_117' title='bbox 1103 1063 1175 1081; x_wconf 88' lang='lat' dir='ltr'>ver-</span> 
     </span>
     <span class='ocr_line' id='line_1_16' title="bbox 45 1109 1173 1143; baseline -0.004 -1"><span class='ocrx_word' id='word_1_118' title='bbox 45 1110 175 1142; x_wconf 90' lang='lat' dir='ltr'>sionem</span> <span class='ocrx_word' id='word_1_119' title='bbox 199 1109 251 1143; x_wconf 81' lang='grc'>60.</span> <span class='ocrx_word' id='word_1_120' title='bbox 277 1118 354 1141; x_wconf 88' lang='lat' dir='ltr'>ante</span> <span class='ocrx_word' id='word_1_121' title='bbox 379 1121 482 1141; x_wconf 88' lang='lat' dir='ltr'>annos</span> <span class='ocrx_word' id='word_1_122' title='bbox 510 1109 714 1141; x_wconf 80' lang='lat' dir='ltr'>elaboratam</span> <span class='ocrx_word' id='word_1_123' title='bbox 739 1118 806 1140; x_wconf 84' lang='lat' dir='ltr'>tam</span> <span class='ocrx_word' id='word_1_124' title='bbox 831 1122 906 1141; x_wconf 85' lang='lat' dir='ltr'>sero</span> <span class='ocrx_word' id='word_1_125' title='bbox 927 1118 1061 1142; x_wconf 85' lang='lat' dir='ltr'>nactum</span> <span class='ocrx_word' id='word_1_126' title='bbox 1086 1114 1173 1138; x_wconf 65' lang='lat' dir='ltr'>esse:</span> 
     </span>
     <span class='ocr_line' id='line_1_17' title="bbox 45 1163 1175 1210; baseline -0.003 -12"><span class='ocrx_word' id='word_1_127' title='bbox 45 1175 225 1210; x_wconf 83' lang='lat' dir='ltr'>potestque</span> <span class='ocrx_word' id='word_1_128' title='bbox 251 1165 431 1197; x_wconf 88' lang='lat' dir='ltr'>commode</span> <span class='ocrx_word' id='word_1_129' title='bbox 455 1164 620 1197; x_wconf 87' lang='lat' dir='ltr'>Eusebius</span> <span class='ocrx_word' id='word_1_130' title='bbox 645 1164 787 1206; x_wconf 83' lang='lat' dir='ltr'>intelligi</span> <span class='ocrx_word' id='word_1_131' title='bbox 823 1174 879 1196; x_wconf 88' lang='lat' dir='ltr'>aut</span> <span class='ocrx_word' id='word_1_132' title='bbox 912 1166 952 1196; x_wconf 86' lang='lat' dir='ltr'>de</span> <span class='ocrx_word' id='word_1_133' title='bbox 979 1165 1053 1208; x_wconf 87' lang='lat' dir='ltr'>ipso</span> <span class='ocrx_word' id='word_1_134' title='bbox 1079 1163 1175 1208; x_wconf 83' lang='lat' dir='ltr'>Sym-</span> 
     </span>
     <span class='ocr_line' id='line_1_18' title="bbox 45 1218 1172 1266; baseline -0.003 -13"><span class='ocrx_word' id='word_1_135' title='bbox 45 1221 154 1254; x_wconf 85' lang='lat' dir='ltr'>machi</span> <span class='ocrx_word' id='word_1_136' title='bbox 178 1222 405 1265; x_wconf 84' lang='lat' dir='ltr'>autographo,</span> <span class='ocrx_word' id='word_1_137' title='bbox 430 1241 472 1244; x_wconf 89' lang='lat'><strong>—</strong></span> <span class='ocrx_word' id='word_1_138' title='bbox 496 1234 573 1253; x_wconf 86' lang='lat' dir='ltr'>nam</span> <span class='ocrx_word' id='word_1_139' title='bbox 607 1234 647 1253; x_wconf 84' lang='lat' dir='ltr'>ex</span> <span class='ocrx_word' id='word_1_140' title='bbox 677 1221 750 1264; x_wconf 88' lang='lat' dir='ltr'>ipso</span> <span class='ocrx_word' id='word_1_141' title='bbox 777 1220 978 1266; x_wconf 81' lang='lat' dir='ltr'>Symmacho</span> <span class='ocrx_word' id='word_1_142' title='bbox 1004 1220 1089 1252; x_wconf 89' lang='lat' dir='ltr'>illud</span> <span class='ocrx_word' id='word_1_143' title='bbox 1111 1218 1172 1250; x_wconf 86' lang='lat' dir='ltr'>Ju—</span> 
     </span>
     <span class='ocr_line' id='line_1_19' title="bbox 46 1275 1171 1322; baseline -0.004 -12"><span class='ocrx_word' id='word_1_144' title='bbox 46 1278 135 1310; x_wconf 81' lang='lat' dir='ltr'>liana</span> <span class='ocrx_word' id='word_1_145' title='bbox 166 1287 340 1322; x_wconf 85' lang='lat' dir='ltr'>acceperat</span> <span class='ocrx_word' id='word_1_146' title='bbox 363 1296 426 1316; x_wconf 86' lang='lat'>——,</span> <span class='ocrx_word' id='word_1_147' title='bbox 459 1286 515 1309; x_wconf 86' lang='lat' dir='ltr'>aut</span> <span class='ocrx_word' id='word_1_148' title='bbox 540 1278 581 1309; x_wconf 86' lang='lat' dir='ltr'>de</span> <span class='ocrx_word' id='word_1_149' title='bbox 615 1276 867 1310; x_wconf 85' lang='lat' dir='ltr'>Commentario</span> <span class='ocrx_word' id='word_1_150' title='bbox 901 1277 1049 1320; x_wconf 87' lang='lat' dir='ltr'>quodam</span> <span class='ocrx_word' id='word_1_151' title='bbox 1074 1275 1171 1320; x_wconf 80' lang='lat' dir='ltr'>Sym-</span> 
     </span>
     <span class='ocr_line' id='line_1_20' title="bbox 44 1331 1173 1377; baseline -0.004 -12"><span class='ocrx_word' id='word_1_152' title='bbox 44 1333 153 1366; x_wconf 81' lang='lat' dir='ltr'>machi</span> <span class='ocrx_word' id='word_1_153' title='bbox 189 1333 222 1365; x_wconf 90' lang='lat' dir='ltr'>in</span> <span class='ocrx_word' id='word_1_154' title='bbox 255 1333 482 1377; x_wconf 81' lang='lat' dir='ltr'>Scripturam‚</span> <span class='ocrx_word' id='word_1_155' title='bbox 518 1346 587 1365; x_wconf 92' lang='lat' dir='ltr'>non</span> <span class='ocrx_word' id='word_1_156' title='bbox 623 1334 665 1365; x_wconf 89' lang='lat' dir='ltr'>de</span> <span class='ocrx_word' id='word_1_157' title='bbox 701 1333 771 1377; x_wconf 75' lang='lat' dir='ltr'>ejus</span> <span class='ocrx_word' id='word_1_158' title='bbox 804 1333 966 1367; x_wconf 88' lang='lat' dir='ltr'>versione.</span> <span class='ocrx_word' id='word_1_159' title='bbox 1013 1333 1065 1365; x_wconf 89' lang='lat' dir='ltr'>En</span> <span class='ocrx_word' id='word_1_160' title='bbox 1102 1331 1173 1375; x_wconf 87' lang='lat' dir='ltr'>ipsa</span> 
     </span>
     <span class='ocr_line' id='line_1_21' title="bbox 43 1385 1174 1434; baseline -0.002 -12"><span class='ocrx_word' id='word_1_161' title='bbox 43 1388 180 1422; x_wconf 86' lang='lat' dir='ltr'>Eusebii</span> <span class='ocrx_word' id='word_1_162' title='bbox 211 1390 311 1421; x_wconf 87' lang='lat' dir='ltr'>verba</span> <span class='ocrx_word' id='word_1_163' title='bbox 347 1388 422 1421; x_wconf 90' lang='lat' dir='ltr'>libr.</span> <span class='ocrx_word' id='word_1_164' title='bbox 442 1389 499 1423; x_wconf 90' lang='lat' dir='ltr'>VI.</span> <span class='ocrx_word' id='word_1_165' title='bbox 538 1389 664 1421; x_wconf 88' lang='lat' dir='ltr'>Histor.</span> <span class='ocrx_word' id='word_1_166' title='bbox 701 1402 772 1434; x_wconf 89' lang='lat' dir='ltr'>cap.</span> <span class='ocrx_word' id='word_1_167' title='bbox 798 1389 849 1423; x_wconf 86' lang='grc'>17.</span> <span class='ocrx_word' id='word_1_168' title='bbox 898 1392 971 1422; x_wconf 81' lang='grc' dir='ltr'>Καὶ</span> <span class='ocrx_word' id='word_1_169' title='bbox 1002 1385 1174 1432; x_wconf 79' lang='grc' dir='ltr'>ὑπομνή-</span> 
     </span>
     <span class='ocr_line' id='line_1_22' title="bbox 43 1442 1175 1491; baseline -0.004 -11"><span class='ocrx_word' id='word_1_170' title='bbox 43 1459 140 1491; x_wconf 82' lang='grc' dir='ltr'><em>ματα</em></span> <span class='ocrx_word' id='word_1_171' title='bbox 165 1447 204 1480; x_wconf 79' lang='grc' dir='ltr'>δὲ</span> <span class='ocrx_word' id='word_1_172' title='bbox 221 1447 284 1480; x_wconf 76' lang='grc' dir='ltr'>τοῦ</span> <span class='ocrx_word' id='word_1_173' title='bbox 296 1443 504 1490; x_wconf 81' lang='grc' dir='ltr'><strong><em>Συμμάχου</em></strong></span> <span class='ocrx_word' id='word_1_174' title='bbox 521 1449 625 1481; x_wconf 76' lang='grc' dir='ltr'><em>εἰσέτι</em></span> <span class='ocrx_word' id='word_1_175' title='bbox 654 1447 720 1479; x_wconf 83' lang='grc' dir='ltr'>νῦν</span> <span class='ocrx_word' id='word_1_176' title='bbox 745 1448 904 1491; x_wconf 70' lang='grc' dir='ltr'>φέρεται,</span> <span class='ocrx_word' id='word_1_177' title='bbox 931 1446 971 1479; x_wconf 75' lang='grc' dir='ltr'>ἐν</span> <span class='ocrx_word' id='word_1_178' title='bbox 996 1442 1047 1482; x_wconf 68' lang='grc' dir='ltr'>οἱς</span> <span class='ocrx_word' id='word_1_179' title='bbox 1072 1445 1175 1477; x_wconf 74' lang='grc' dir='ltr'><em>δοκεῖ</em></span> 
     </span>
     <span class='ocr_line' id='line_1_23' title="bbox 44 1498 1172 1548; baseline -0.004 -12"><span class='ocrx_word' id='word_1_180' title='bbox 44 1500 135 1548; x_wconf 80' lang='grc' dir='ltr'><strong><em>πρὸς</em></strong></span> <span class='ocrx_word' id='word_1_181' title='bbox 158 1500 197 1536; x_wconf 78' lang='grc' dir='ltr'>τὸ</span> <span class='ocrx_word' id='word_1_182' title='bbox 222 1500 311 1536; x_wconf 80' lang='grc' dir='ltr'><em>κατὰ</em></span> <span class='ocrx_word' id='word_1_183' title='bbox 325 1505 526 1537; x_wconf 66' lang='lat' dir='ltr'>Maro-ator</span> <span class='ocrx_word' id='word_1_184' title='bbox 550 1500 831 1547; x_wconf 75' lang='grc' dir='ltr'><em>ἀποτεινόμενος</em></span> <span class='ocrx_word' id='word_1_185' title='bbox 855 1501 1080 1546; x_wconf 77' lang='grc' dir='ltr'>εὐαγγέλιον,</span> <span class='ocrx_word' id='word_1_186' title='bbox 1107 1498 1172 1541; x_wconf 73' lang='grc' dir='ltr'>τὴν</span> 
     </span>
     <span class='ocr_line' id='line_1_24' title="bbox 45 1557 1173 1604; baseline -0.003 -12"><span class='ocrx_word' id='word_1_187' title='bbox 45 1558 299 1602; x_wconf 74' lang='grc' dir='ltr'><em>δεδηλωμένην</em></span> <span class='ocrx_word' id='word_1_188' title='bbox 324 1559 461 1603; x_wconf 75' lang='grc' dir='ltr'><em>αἵρεσιν</em></span> <span class='ocrx_word' id='word_1_189' title='bbox 485 1557 684 1603; x_wconf 78' lang='grc' dir='ltr'><em>κρατύνειν.</em></span> <span class='ocrx_word' id='word_1_190' title='bbox 734 1562 855 1592; x_wconf 74' lang='grc' dir='ltr'><em>Ταῦτα</em></span> <span class='ocrx_word' id='word_1_191' title='bbox 881 1560 919 1592; x_wconf 74' lang='grc' dir='ltr'>δὲ</span> <span class='ocrx_word' id='word_1_192' title='bbox 946 1557 963 1592; x_wconf 87' lang='grc' dir='ltr'>ὁ</span> <span class='ocrx_word' id='word_1_193' title='bbox 987 1557 1173 1604; x_wconf 75' lang='grc' dir='ltr'><em>Ὠριγένης</em></span> 
     </span>
     <span class='ocr_line' id='line_1_25' title="bbox 43 1610 1172 1659; baseline -0.004 -9"><span class='ocrx_word' id='word_1_194' title='bbox 43 1613 132 1659; x_wconf 79' lang='grc' dir='ltr'><strong><em>μετὰ</em></strong></span> <span class='ocrx_word' id='word_1_195' title='bbox 158 1617 219 1648; x_wconf 84' lang='grc' dir='ltr'>καὶ</span> <span class='ocrx_word' id='word_1_196' title='bbox 251 1610 370 1648; x_wconf 64' lang='grc' dir='ltr'><em>ἄλλων</em></span> <span class='ocrx_word' id='word_1_197' title='bbox 401 1617 448 1653; x_wconf 74' lang='grc' dir='ltr'>εἰς</span> <span class='ocrx_word' id='word_1_198' title='bbox 479 1613 542 1653; x_wconf 74' lang='grc' dir='ltr'><em>τοὶς</em></span> <span class='ocrx_word' id='word_1_199' title='bbox 573 1613 720 1659; x_wconf 75' lang='grc' dir='ltr'>γραφὰς</span> <span class='ocrx_word' id='word_1_200' title='bbox 751 1614 950 1659; x_wconf 74' lang='grc' dir='ltr'><em>ἑρμηνειῶν</em></span> <span class='ocrx_word' id='word_1_201' title='bbox 977 1614 1040 1647; x_wconf 81' lang='grc' dir='ltr'>τοῦ</span> <span class='ocrx_word' id='word_1_202' title='bbox 1065 1614 1172 1656; x_wconf 84' lang='grc' dir='ltr'><em>Συμ-</em></span> 
     </span>
     <span class='ocr_line' id='line_1_26' title="bbox 44 1663 1170 1716; baseline -0.004 -12"><span class='ocrx_word' id='word_1_203' title='bbox 44 1666 184 1716; x_wconf 79' lang='grc' dir='ltr'><strong><em>μάχου,</em></strong></span> <span class='ocrx_word' id='word_1_204' title='bbox 219 1673 386 1715; x_wconf 84' lang='grc' dir='ltr'>σημαίνει</span> <span class='ocrx_word' id='word_1_205' title='bbox 419 1670 518 1715; x_wconf 68' lang='grc' dir='ltr'>παρὰ</span> <span class='ocrx_word' id='word_1_206' title='bbox 540 1670 735 1713; x_wconf 78' lang='grc' dir='ltr'><em>’[ουλιανῆς</em></span> <span class='ocrx_word' id='word_1_207' title='bbox 758 1683 854 1709; x_wconf 81' lang='grc' dir='ltr'><em>τινος</em></span> <span class='ocrx_word' id='word_1_208' title='bbox 885 1671 1090 1714; x_wconf 71' lang='grc' dir='ltr'>εἰληφέναι,</span> <span class='ocrx_word' id='word_1_209' title='bbox 1107 1663 1170 1709; x_wconf 63' lang='grc' dir='ltr'>’ἢν</span> 
     </span>
     <span class='ocr_line' id='line_1_27' title="bbox 45 1725 1169 1773; baseline -0.004 -13"><span class='ocrx_word' id='word_1_210' title='bbox 45 1730 109 1760; x_wconf 83' lang='grc' dir='ltr'>καί</span> <span class='ocrx_word' id='word_1_211' title='bbox 123 1739 212 1772; x_wconf 70' lang='grc' dir='ltr'>φησι</span> <span class='ocrx_word' id='word_1_212' title='bbox 235 1725 318 1771; x_wconf 81' lang='grc' dir='ltr'>παρ’</span> <span class='ocrx_word' id='word_1_213' title='bbox 335 1725 443 1760; x_wconf 78' lang='grc' dir='ltr'><em>αὐτοῦ</em></span> <span class='ocrx_word' id='word_1_214' title='bbox 457 1725 663 1773; x_wconf 77' lang='grc' dir='ltr'><em>Συμμιὲχου</em></span> <span class='ocrx_word' id='word_1_215' title='bbox 682 1725 743 1765; x_wconf 70' lang='grc' dir='ltr'>τὰς</span> <span class='ocrx_word' id='word_1_216' title='bbox 758 1731 902 1770; x_wconf 70' lang='grc' dir='ltr'><em>βίβλους</em></span> <span class='ocrx_word' id='word_1_217' title='bbox 919 1726 1169 1764; x_wconf 71' lang='grc' dir='ltr'><em>διαδέξασθαι.</em></span> 
     </span>
     <span class='ocr_line' id='line_1_28' title="bbox 46 1779 1169 1827; baseline -0.004 -12"><span class='ocrx_word' id='word_1_218' title='bbox 46 1782 84 1815; x_wconf 88' lang='lat' dir='ltr'>Si</span> <span class='ocrx_word' id='word_1_219' title='bbox 108 1782 292 1827; x_wconf 74' lang='grc' dir='ltr'><em>ἑρμηνεῖαι</em></span> <span class='ocrx_word' id='word_1_220' title='bbox 315 1781 446 1827; x_wconf 88' lang='lat' dir='ltr'>possint</span> <span class='ocrx_word' id='word_1_221' title='bbox 469 1782 522 1814; x_wconf 84' lang='lat' dir='ltr'>hic</span> <span class='ocrx_word' id='word_1_222' title='bbox 547 1783 588 1815; x_wconf 89' lang='lat' dir='ltr'>de</span> <span class='ocrx_word' id='word_1_223' title='bbox 615 1783 869 1815; x_wconf 86' lang='lat' dir='ltr'>Commentario</span> <span class='ocrx_word' id='word_1_224' title='bbox 895 1781 1052 1823; x_wconf 84' lang='lat' dir='ltr'>intelligi,</span> <span class='ocrx_word' id='word_1_225' title='bbox 1077 1779 1169 1825; x_wconf 90' lang='lat' dir='ltr'>quod</span> 
     </span>
     <span class='ocr_line' id='line_1_29' title="bbox 46 1838 1169 1883; baseline -0.003 -12"><span class='ocrx_word' id='word_1_226' title='bbox 46 1839 214 1871; x_wconf 88' lang='lat' dir='ltr'>neminem</span> <span class='ocrx_word' id='word_1_227' title='bbox 245 1847 329 1883; x_wconf 88' lang='lat' dir='ltr'>puto</span> <span class='ocrx_word' id='word_1_228' title='bbox 359 1847 573 1880; x_wconf 84' lang='lat' dir='ltr'>negaturum,</span> <span class='ocrx_word' id='word_1_229' title='bbox 604 1849 641 1872; x_wconf 91' lang='lat' dir='ltr'>ut</span> <span class='ocrx_word' id='word_1_230' title='bbox 670 1839 717 1872; x_wconf 91' lang='lat' dir='ltr'>sic</span> <span class='ocrx_word' id='word_1_231' title='bbox 747 1840 812 1871; x_wconf 89' lang='lat' dir='ltr'>hoc</span> <span class='ocrx_word' id='word_1_232' title='bbox 844 1839 921 1872; x_wconf 93' lang='lat' dir='ltr'>loco</span> <span class='ocrx_word' id='word_1_233' title='bbox 954 1838 1169 1879; x_wconf 83' lang='lat' dir='ltr'>intelligatur,</span> 
     </span>
     <span class='ocr_line' id='line_1_30' title="bbox 48 1892 1168 1939; baseline -0.002 -12"><span class='ocrx_word' id='word_1_234' title='bbox 48 1895 163 1927; x_wconf 85' lang='lat' dir='ltr'>suadet</span> <span class='ocrx_word' id='word_1_235' title='bbox 187 1907 249 1928; x_wconf 85' lang='lat' dir='ltr'>vox</span> <span class='ocrx_word' id='word_1_236' title='bbox 276 1892 407 1937; x_wconf 60' lang='lat' dir='ltr'>limum,</span> <span class='ocrx_word' id='word_1_237' title='bbox 433 1897 474 1927; x_wconf 81' lang='lat' dir='ltr'>ab</span> <span class='ocrx_word' id='word_1_238' title='bbox 498 1896 646 1929; x_wconf 82' lang='lat' dir='ltr'>Eusebio</span> <span class='ocrx_word' id='word_1_239' title='bbox 672 1896 848 1929; x_wconf 85' lang='lat' dir='ltr'>adhibita.«</span> <span class='ocrx_word' id='word_1_240' title='bbox 881 1896 996 1939; x_wconf 65' lang='lat' dir='ltr'>‘Quae</span> <span class='ocrx_word' id='word_1_241' title='bbox 1023 1908 1099 1927; x_wconf 89' lang='lat' dir='ltr'>cum</span> <span class='ocrx_word' id='word_1_242' title='bbox 1122 1894 1168 1926; x_wconf 86' lang='lat' dir='ltr'>ita</span> 
     </span>
     <span class='ocr_line' id='line_1_31' title="bbox 47 1951 1169 1996; baseline -0.003 -11"><span class='ocrx_word' id='word_1_243' title='bbox 47 1964 81 1985; x_wconf 90' lang='lat' dir='ltr'>se</span> <span class='ocrx_word' id='word_1_244' title='bbox 104 1951 254 1991; x_wconf 82' lang='lat' dir='ltr'>habeant,</span> <span class='ocrx_word' id='word_1_245' title='bbox 279 1968 319 1973; x_wconf 89' lang='lat'>—</span> <span class='ocrx_word' id='word_1_246' title='bbox 345 1951 389 1983; x_wconf 89' lang='lat' dir='ltr'>ita</span> <span class='ocrx_word' id='word_1_247' title='bbox 414 1952 524 1996; x_wconf 86' lang='lat' dir='ltr'>pergit</span> <span class='ocrx_word' id='word_1_248' title='bbox 535 1953 667 1985; x_wconf 87' lang='lat' dir='ltr'>Ruaeus</span> <span class='ocrx_word' id='word_1_249' title='bbox 694 1973 752 1991; x_wconf 91' lang='lat'>—-,</span> <span class='ocrx_word' id='word_1_250' title='bbox 775 1952 860 1984; x_wconf 90' lang='lat' dir='ltr'>nihil</span> <span class='ocrx_word' id='word_1_251' title='bbox 886 1961 974 1984; x_wconf 89' lang='lat' dir='ltr'>vetat</span> <span class='ocrx_word' id='word_1_252' title='bbox 987 1952 1169 1993; x_wconf 82' lang='lat' dir='ltr'>Origenem</span> 
     </span>
     <span class='ocr_line' id='line_1_32' title="bbox 48 2007 1169 2052; baseline -0.002 -13"><span class='ocrx_word' id='word_1_253' title='bbox 48 2007 198 2051; x_wconf 82' lang='lat' dir='ltr'>Hexapla</span> <span class='ocrx_word' id='word_1_254' title='bbox 223 2020 376 2040; x_wconf 86' lang='lat' dir='ltr'>exorsum</span> <span class='ocrx_word' id='word_1_255' title='bbox 409 2020 478 2039; x_wconf 87' lang='lat' dir='ltr'>esse</span> <span class='ocrx_word' id='word_1_256' title='bbox 505 2018 580 2041; x_wconf 83' lang='lat' dir='ltr'>ante</span> <span class='ocrx_word' id='word_1_257' title='bbox 606 2022 728 2041; x_wconf 86' lang='lat' dir='ltr'>annum</span> <span class='ocrx_word' id='word_1_258' title='bbox 752 2008 846 2048; x_wconf 56' lang='lat'>235„</span> <span class='ocrx_word' id='word_1_259' title='bbox 880 2022 946 2052; x_wconf 92' lang='lat' dir='ltr'>quo</span> <span class='ocrx_word' id='word_1_260' title='bbox 979 2007 1011 2038; x_wconf 87' lang='lat' dir='ltr'>in</span> <span class='ocrx_word' id='word_1_261' title='bbox 1038 2007 1169 2050; x_wconf 80' lang='lat' dir='ltr'>Cappa-</span> 
     </span>
     <span class='ocr_line' id='line_1_33' title="bbox 49 2062 1169 2109; baseline -0.001 -14"><span class='ocrx_word' id='word_1_262' title='bbox 49 2063 146 2095; x_wconf 83' lang='lat' dir='ltr'>docia</span> <span class='ocrx_word' id='word_1_263' title='bbox 177 2065 265 2107; x_wconf 88' lang='lat' dir='ltr'>apud</span> <span class='ocrx_word' id='word_1_264' title='bbox 296 2064 465 2096; x_wconf 87' lang='lat' dir='ltr'>Julianam</span> <span class='ocrx_word' id='word_1_265' title='bbox 498 2065 601 2097; x_wconf 89' lang='lat' dir='ltr'>latere</span> <span class='ocrx_word' id='word_1_266' title='bbox 634 2064 783 2109; x_wconf 85' lang='lat' dir='ltr'>coepisse</span> <span class='ocrx_word' id='word_1_267' title='bbox 815 2064 972 2096; x_wconf 80' lang='lat' dir='ltr'>creditur.</span> <span class='ocrx_word' id='word_1_268' title='bbox 1019 2062 1169 2106; x_wconf 80' lang='lat' dir='ltr'>Hexapla</span> 
     </span>
     <span class='ocr_line' id='line_1_34' title="bbox 48 2120 1168 2165; baseline -0.001 -15"><span class='ocrx_word' id='word_1_269' title='bbox 48 2132 106 2155; x_wconf 78' lang='lat' dir='ltr'>sua</span> <span class='ocrx_word' id='word_1_270' title='bbox 130 2128 242 2162; x_wconf 82' lang='lat' dir='ltr'>aperte</span> <span class='ocrx_word' id='word_1_271' title='bbox 266 2130 430 2152; x_wconf 84' lang='lat' dir='ltr'>memorat</span> <span class='ocrx_word' id='word_1_272' title='bbox 454 2120 487 2152; x_wconf 88' lang='lat' dir='ltr'>in</span> <span class='ocrx_word' id='word_1_273' title='bbox 512 2120 608 2165; x_wconf 85' lang='lat' dir='ltr'>epist.</span> <span class='ocrx_word' id='word_1_274' title='bbox 632 2122 672 2153; x_wconf 83' lang='lat' dir='ltr'>ad</span> <span class='ocrx_word' id='word_1_275' title='bbox 686 2120 892 2160; x_wconf 80' lang='lat' dir='ltr'>Africanum,</span> <span class='ocrx_word' id='word_1_276' title='bbox 917 2133 1015 2164; x_wconf 83' lang='lat' dir='ltr'>quani</span> <span class='ocrx_word' id='word_1_277' title='bbox 1039 2128 1168 2150; x_wconf 87' lang='lat' dir='ltr'>certum</span> 
     </span>
     <span class='ocr_line' id='line_1_35' title="bbox 50 2174 1169 2222; baseline -0.001 -15"><span class='ocrx_word' id='word_1_278' title='bbox 50 2184 98 2207; x_wconf 87' lang='lat' dir='ltr'>est</span> <span class='ocrx_word' id='word_1_279' title='bbox 123 2174 337 2207; x_wconf 78' lang='lat' dir='ltr'>Nicomediae</span> <span class='ocrx_word' id='word_1_280' title='bbox 369 2176 527 2220; x_wconf 84' lang='lat' dir='ltr'>scriptam</span> <span class='ocrx_word' id='word_1_281' title='bbox 561 2189 645 2218; x_wconf 82' lang='lat' dir='ltr'>esse3</span> <span class='ocrx_word' id='word_1_282' title='bbox 680 2190 822 2222; x_wconf 81' lang='lat' dir='ltr'>cumque</span> <span class='ocrx_word' id='word_1_283' title='bbox 853 2176 903 2208; x_wconf 90' lang='lat' dir='ltr'>bis</span> <span class='ocrx_word' id='word_1_284' title='bbox 937 2176 968 2207; x_wconf 85' lang='lat' dir='ltr'>in</span> <span class='ocrx_word' id='word_1_285' title='bbox 994 2175 1169 2207; x_wconf 87' lang='lat' dir='ltr'>Graeciam</span> 
     </span>
     <span class='ocr_line' id='line_1_36' title="bbox 49 2231 1171 2275; baseline -0.001 -12"><span class='ocrx_word' id='word_1_286' title='bbox 49 2231 113 2263; x_wconf 86' lang='lat' dir='ltr'>iter</span> <span class='ocrx_word' id='word_1_287' title='bbox 142 2231 340 2270; x_wconf 87' lang='lat' dir='ltr'>instituerit,</span> <span class='ocrx_word' id='word_1_288' title='bbox 369 2232 529 2264; x_wconf 87' lang='lat' dir='ltr'>alterutro</span> <span class='ocrx_word' id='word_1_289' title='bbox 559 2232 678 2265; x_wconf 86' lang='lat' dir='ltr'>itinere</span> <span class='ocrx_word' id='word_1_290' title='bbox 703 2233 936 2265; x_wconf 69' lang='lat' dir='ltr'>Nicomediam</span> <span class='ocrx_word' id='word_1_291' title='bbox 971 2231 1104 2275; x_wconf 82' lang='lat' dir='ltr'>petiisse</span> <span class='ocrx_word' id='word_1_292' title='bbox 1139 2240 1171 2263; x_wconf 92' lang='lat' dir='ltr'>et</span> 
     </span>
     <span class='ocr_line' id='line_1_37' title="bbox 50 2286 1171 2332; baseline -0.001 -13"><span class='ocrx_word' id='word_1_293' title='bbox 50 2287 227 2331; x_wconf 85' lang='lat' dir='ltr'>epistolam</span> <span class='ocrx_word' id='word_1_294' title='bbox 253 2286 381 2319; x_wconf 81' lang='lat' dir='ltr'>dedisse</span> <span class='ocrx_word' id='word_1_295' title='bbox 405 2289 520 2322; x_wconf 84' lang='lat' dir='ltr'>fertur.</span> <span class='ocrx_word' id='word_1_296' title='bbox 567 2289 806 2322; x_wconf 87' lang='lat' dir='ltr'>Tillemontius</span> <span class='ocrx_word' id='word_1_297' title='bbox 833 2288 945 2332; x_wconf 86' lang='lat' dir='ltr'>potius</span> <span class='ocrx_word' id='word_1_298' title='bbox 976 2287 1086 2332; x_wconf 87' lang='lat' dir='ltr'>primo</span> <span class='ocrx_word' id='word_1_299' title='bbox 1119 2286 1171 2318; x_wconf 84' lang='lat' dir='ltr'>iti-</span> 
     </span>
    </p>
   </div>
  </div>
 </body>
</html>
