1422 2472
397 54 711 88 Omsnumuonum
735 53 849 86 Lxmm
875 52 933 85 111.
1165 52 1229 88 183

100 156 234 192 totypae
257 145 453 189 Scripturae
478 157 548 177 esse
572 145 769 184 strumum«
797 142 933 175 dixisset
957 142 1101 187 quippe:
1126 141 1223 188 παρὰ

99 212 171 247 τοῖς
198 207 386 246 Ἰουδαίοις
423 205 636 252 φερόμεναι.
691 205 796 249 Quod
836 205 863 237 si
899 205 933 237 id
969 204 1034 237 sibi
1068 203 1229 236 voluisset

100 269 274 308 Eusebius,
299 281 358 300 cur
382 280 435 300 eas
460 268 572 312 potius
596 266 695 312 παρὰ
719 271 792 305 τοῑς
806 266 994 305 Ἰουδαίοις
1009 268 1225 312 φερομένας,

97 344 197 375 quam
223 331 312 375 apud
339 329 503 368 Graecos,
538 328 758 368 Hellenistas,
796 328 947 372 aliosque
983 328 1134 368 dixisset,
1168 327 1226 372 qui

97 391 318 425 Samaritanus
343 391 454 423 literas
479 390 685 434 antiquiores
711 403 780 423 esse
802 389 953 423 Judaicis
975 403 1041 422 una
1065 402 1141 422 cum
1165 389 1226 422 Ju-

97 453 188 486 daeis
212 452 425 486 fatebantur?
449 452 535 495 Quis
561 461 658 496 putet
682 452 828 497 denique
854 451 1033 496 Hexaplis,
1063 451 1106 483 ad
1135 450 1226 484 Scri-

97 524 214 559 pturae
237 514 497 547 illustrationem
529 523 562 546 et
592 513 763 557 publicam
793 513 974 546 utilitatem
1007 511 1224 551 concinnatis,

97 576 336 609 Samaritarum
360 576 561 620 exemplaria
585 575 752 608 infersisse
778 575 979 616 Origenem,
1000 573 1142 608 Judaica
1167 586 1225 606 ne-

95 637 250 679 glexisse3
281 650 357 670 cum
388 636 531 678 angustis
563 636 685 668 finibus
712 640 925 669 coerceretur
947 634 1144 669 samaritica
1166 634 1225 667 illa

95 711 183 740 gens,
207 698 308 731 latius
334 711 412 731 vero
437 697 576 731 Judaica
598 697 803 742 pertineret?
834 697 940 741 Quod
964 696 992 729 si
1016 696 1090 742 quis
1114 709 1224 729 exem-

94 759 201 804 plaria
228 769 369 804 utraque
401 759 516 792 locum
551 758 616 792 sibi
645 758 679 791 in
710 758 869 803 Hexaplis
908 758 1092 792 vindicasse
1122 758 1223 797 dicet,

94 834 163 853 non
188 833 263 862 erga
287 821 455 865 Hexapla,
485 821 539 853 vel
573 809 824 865 Octapla3-sed
852 821 1040 865 Heptapla,
1070 820 1125 853 vel
1153 820 1221 852 En-

93 883 214 927 neapla
237 882 379 915 dicenda
405 892 506 916 erant.
548 883 688 915 Constat
714 892 803 915 certe
825 882 891 915 hoc
915 882 1024 927 capite
1040 882 1224 916 Eusebium

94 943 260 977 Hebraica
283 944 486 989 exemplaria
510 944 648 977 Graecis
664 943 997 988 interpretationibus
1014 943 1225 989 opposuisse,

95 1019 236 1050 quarum
266 1005 395 1039 ratione
435 1006 611 1039 veritatem
642 1005 842 1040 Hebraicam
879 1006 1003 1039 merito
1034 1003 1223 1051 πρωιοτύ-

96 1081 186 1106 πους
208 1065 355 1114 γραφάς
388 1067 580 1111 appellavit.
634 1068 796 1100 Profecto
829 1067 1078 1112 Epiphanium,
1100 1067 1222 1100 Hiero-

94 1142 250 1175 nymum,
286 1138 319 1161 et
342 1128 502 1161 Rufinum
532 1137 652 1173 stupor
675 1128 790 1170 ingens
814 1137 1028 1172 occupasset,
1051 1129 1077 1161 si
1101 1128 1223 1161 editio-

94 1204 152 1224 nes
176 1204 213 1224 ac
238 1190 411 1223 columnas
442 1190 672 1234 Hexaplorum
703 1199 856 1222 accurate
885 1199 1137 1235 percensentes,
1161 1190 1222 1223 Sa-

94 1252 278 1286 mariticam
303 1250 613 1297 praetermisissent.
661 1252 786 1295 Non¹)
819 1264 897 1294 ergo
930 1265 1047 1285 verum
1080 1261 1131 1285 est
1163 1252 1223 1285 Sa-

190 1393 219 1436 ')
248 1391 466 1425 „Samaritani
491 1400 523 1423 et
549 1391 625 1436 Syri
651 1391 858 1432 lectiones,«
884 1391 994 1436 inquit
1017 1393 1060 1425 D.
1077 1391 1221 1425 Bernar-

95 1450 157 1481 dus
180 1449 221 1480 de
247 1448 471 1480 montfaucon
496 1446 530 1479 in
545 1446 702 1480 Praelim.
728 1447 761 1479 in
775 1448 916 1492 Hexapl.
942 1461 1012 1492 cap.
1030 1450 1058 1482 1.
1082 1447 1220 1482 num.8.

97 1505 151 1537 »in
175 1504 380 1546 marginibus
404 1502 704 1535 vetustissimorum
730 1503 982 1548 exemplarium,
1007 1517 1091 1548 quae
1114 1505 1223 1537 Hexa-

94 1561 229 1606 plorum
254 1561 439 1602 fragmenta
471 1558 650 1598 exhibent,
681 1571 842 1604 persaepe
875 1561 1110 1594 observantur:
1145 1561 1221 1608 Syri

94 1617 230 1662 quidem
254 1616 289 1648 in
313 1615 484 1660 plerisque
508 1615 699 1658 Scripturae
726 1615 838 1657 libris;
860 1617 1061 1650 Samaritani
1085 1631 1163 1650 vero
1189 1618 1222 1650 in

94 1673 322 1706 Pentateucho
348 1681 494 1705 tantum:
522 1672 579 1703 ubi
614 1684 682 1703 non
714 1671 944 1716 infrequenter
971 1673 1222 1719 interpretatio—

95 1742 152 1761 nes
176 1728 376 1762 Samaritani
400 1728 653 1766 animadvertas,
678 1727 847 1760 interdum
871 1730 968 1770 solas,
991 1731 1121 1775 saepius
1146 1744 1221 1763 cum

97 1784 240 1817 aliorum
265 1785 488 1828 interpretum
512 1783 714 1817 lectionibus
739 1784 887 1819 collatas.
935 1785 1022 1819 Cum
1046 1796 1158 1819 autem
1182 1787 1222 1818 il-

96 1841 147 1873 lae
171 1839 371 1874 Samaritani
395 1839 573 1879 lectiones,
606 1852 675 1871 non
710 1839 743 1872 in
777 1841 913 1874 vetustis
945 1842 1053 1876 Codd.
1082 1852 1224 1881 tantum,

97 1897 156 1929 sed
179 1896 277 1928 etiam
302 1895 392 1940 apud
415 1895 530 1928 Patres
556 1895 680 1939 quarti,
717 1896 826 1942 quinti
857 1907 890 1929 et
918 1898 1129 1943 sequentium
1153 1911 1223 1931 sae-

98 1951 251 1984 culorum
276 1961 461 1992 occurrant,
485 1952 664 1996 probabile
688 1965 765 1986 sane
789 1954 940 1994 videtur,
969 1954 1079 1998 ipsum
1104 1955 1223 1996 Orige-

99 2018 175 2038 nem
207 2006 367 2040 lectiones
402 2007 475 2040 illas
506 2008 707 2041 Samaritani
738 2010 773 2042 in
809 2009 957 2052 margine
989 2010 1220 2055 Hexaplorum

98 2061 260 2106 posuisse.
306 2063 402 2096 Idem
426 2076 531 2108 porro
558 2065 737 2098 dicendum
761 2065 897 2099 videtur
928 2066 969 2098 de
994 2068 1098 2114 Syro,
1131 2068 1223 2113 cujus

56 2137 60 2139 -
100 2117 392 2162 interpretationes
415 2119 537 2164 passim
568 2121 781 2166 reperiuntur
820 2123 854 2155 in
879 2123 1003 2156 Genesi
1035 2133 1067 2156 et
1090 2123 1223 2166 Exodo,

101 2173 134 2206 in
158 2173 299 2206 Psalmis
322 2173 422 2215 item,
453 2177 488 2208 in
509 2176 674 2217 mnemia,
706 2178 740 2211 in
763 2178 923 2220 Threnis;
953 2180 1042 2223 apud
1065 2179 1225 2213 Ezechie-

101 2230 168 2263 lem
193 2229 314 2271 etiam,
344 2230 522 2265 Danielem
546 2242 580 2266 et
603 2233 701 2268 Osee.
748 2234 825 2281 Syri
855 2248 960 2279 porro
986 2235 1146 2270 lectiones
1169 2238 1225 2270 ad-
