1422 2472
353 98 539 129 Aromata
573 104 642 128 PRO
673 94 838 128 Οκιεεκε
1092 88 1157 124 357

32 183 147 223 carnis,
171 197 278 229 neque
304 197 341 217 ex
370 185 542 217 voluntate
568 184 646 224 viri,
677 185 735 217 sed
761 198 797 216 ex
824 183 900 216 Deo
933 182 999 214 nati
1017 181 1046 224 ')
1077 180 1153 218 sint,

29 257 97 277 non
122 254 232 277 tamen
258 258 294 278 ea
319 246 489 279 nativitate
511 256 588 279 sunt
611 246 699 286 nati,
723 259 786 291 qua
811 254 905 278 natus
930 253 980 276 est
1003 240 1154 284 unigeni-

29 315 81 338 tus
112 306 229 340 Fitius.
291 307 437 351 Propter
475 307 566 352 quod
605 317 761 352 quantam
793 305 1018 340 differentiam
1058 315 1154 335 verus

28 368 122 400 Deus
145 369 244 401 habet
267 370 309 401 ad
328 381 397 408 eos,
422 368 541 413 quibus
558 368 700 401 dicitur:
725 369 796 410 Ego
810 369 843 412 ²)
869 367 954 400 dixi:
980 365 1039 399 Dii
1057 363 1150 397 estis:

28 439 153 462 tantam
177 430 403 462 differentiam
434 431 535 463 habet
567 443 662 463 verus
692 430 800 463 Filius
831 430 872 462 ad
904 442 980 469 eos,
1015 427 1072 472 qui
1096 439 1153 458 au-

30 492 141 525 diunt:
167 492 230 524 filii
254 491 387 524 Excelsi
412 497 577 538 ornnes.“¹

117 553 391 587 PAMPHlLUS.
438 554 491 585 De
519 553 610 586 libris
626 553 788 598 epistolae
801 554 841 585 ad
862 553 1044 590 Hebraeos,
1069 561 1154 594 quo-

30 615 134 647 modo
160 613 398 659 ὁμοοὺσιος3)
431 624 481 647 est
511 628 586 647 cum
618 615 716 647 Patre
750 614 873 654 Filius,
906 613 940 646 id
963 622 1030 652 est,
1055 611 1152 644 unius

30 689 105 709 cum
146 677 243 709 Patre
284 675 504 716 substantiae,
551 676 678 709 alienus
715 685 826 708 autem
840 675 873 720 ⁸)
910 689 927 708 a
963 673 1153 708 substantiis

31 747 214 771 creaturae.

118 799 363 833 ORIGENES.
408 799 722 842 ‚„tnterrogamus5)
754 798 855 841 igitur
884 811 959 839 eos,
992 810 1076 843 quos
1103 796 1156 841 pi-

29 871 82 904 get
106 860 259 894 confiteri
288 861 402 893 Deum
435 873 504 893 esse
535 860 664 894 Filium
693 860 778 900 Dei,
809 860 986 905 quomodo
1018 867 1154 904 poterat

28 923 100 956 sola
124 922 266 955 humana
288 931 422 962 natura,
451 921 535 954 nihil
566 922 600 954 in
630 935 664 955 se
688 922 812 954 habens
837 922 1012 961 eximium,
1043 933 1153 966 neque

29 983 156 1029 aliquid
180 984 311 1017 divinae
335 983 548 1023 substantiae,
573 983 813 1016 haereditatem
825 984 858 1028 ⁶)
884 996 1004 1028 capere
1018 996 1152 1016 omnem

29 1045 272 1090 principatum,
306 1054 339 1077 et
364 1057 499 1077 omnem
523 1053 744 1088 potestatem,
776 1054 807 1077 et
839 1046 1015 1088 virtutem,
1047 1045 1153 1078 ethis

32 1107 187 1140 omnibus
218 1105 378 1151 praeferri
416 1118 453 1138 ac
483 1106 648 1150 praeponi
677 1120 694 1139 a
732 1107 840 1140 Patre.
894 1107 992 1139 Unde
1023 1115 1152 1138 rectum

30 1168 173 1209 videtur,
198 1168 290 1213 quod
314 1167 534 1212 praestantior
565 1181 633 1200 esse
664 1168 784 1201 debeat
808 1168 852 1208 is,
883 1167 941 1212 qui
970 1167 1153 1200 haeredita-

30 1240 97 1262 tem
123 1229 222 1274 capit,
247 1239 280 1262 et
302 1242 421 1271 genere
445 1229 580 1274 utique,
610 1239 643 1262 et
665 1229 795 1275 specie,
832 1240 865 1263 et
888 1229 1088 1270 substantia,
1120 1239 1154 1261 et

28 1290 239 1324 subsistentia
271 1290 323 1323 vel
347 1299 480 1331 natura,
510 1300 610 1335 atque
643 1291 797 1324 omnibus
820 1290 1053 1336 quibusque7)
1079 1304 1152 1324 mo-

30 1353 80 1386 dis
104 1353 204 1386 debet
229 1365 297 1385 esse
320 1351 573 1397 praestantior.“

117 1413 395 1449 PAMPHILUS.
442 1414 486 1447 Et
508 1423 586 1458 post
609 1427 713 1459 pauca
738 1414 771 1448 in
796 1415 916 1449 eodem
941 1415 1040 1448 libro.

126 1582 157 1626 ¹)
185 1581 264 1613 Mss.
278 1580 433 1625 plerique
447 1590 480 1613 et
492 1581 573 1613 editi
589 1582 638 1626 (v.
654 1595 680 1615 c.
696 1583 771 1616 edd.
791 1583 858 1628 Μ.)
882 1582 970 1624 „nati
986 1587 1095 1616 sunt.“
1111 1583 1149 1631 Β.

123 1648 157 1691 2)
183 1647 305 1681 Psalm.
330 1647 504 1688 LXXXH,
528 1648 559 1682 6.
585 1648 775 1693 (LXXXI.)

122 1716 157 1758 ³)
182 1715 229 1747 lta
253 1714 335 1747 editi
359 1715 406 1759 (v.
433 1727 459 1748 c.
485 1715 560 1747 edd.
585 1716 664 1759 Μ.),
689 1725 719 1748 et
736 1717 782 1749 sic
807 1717 982 1758 legendum
1009 1716 1150 1750 videtur.

32 1762 111 1794 Mss.
135 1770 245 1838 talmfzen
277 1760 415 1792 habenti
449 1759 603 1800 ‚„usius,“
627 1760 660 1793 id
686 1770 752 1801 est,
784 1762 917 1802 οὐσίας.
949 1763 1034 1796 Cod.
1069 1763 1149 1805 Reg.

32 1819 148 1847 „unus.
228 1831 236 1839 .

127 1872 160 1916 ⁸)
183 1872 288 1904 Deest
311 1877 465 1912 „autem“
490 1872 523 1905 in
549 1873 624 1906 edd.
650 1873 697 1905 M.

126 1940 159 1983 ⁵)
183 1939 344 1971 Desumta
376 1948 453 1972 sunt
483 1939 564 1972 haec
595 1941 695 1972 verba
728 1952 764 1972 ex
797 1939 890 1972 libris
922 1941 1013 1982 Orig.
1038 1941 1072 1973 in
1098 1954 1138 1984 ep

33 1986 74 2017 ad
99 1985 280 2017 Hebraeos.
329 1984 398 2017 Cfr.
424 1985 474 2018 ed.
500 1994 602 2019 nostr.
627 1985 726 2018 Tom.
747 1986 787 2019 V.
810 1997 883 2030 pag
895 1984 971 2020 298.
996 2005 1035 2010 -
1064 1986 1149 2018 Cod.

35 2043 136 2062 unus:
162 2030 431 2071 „Interrogernus
456 2029 576 2071 igitur⁸‘
601 2039 662 2062 etc.
685 2031 716 2063 R

83 2111 85 2113 ¹
127 2096 161 2138 ⁶)
189 2096 281 2128 Alter
295 2096 426 2129 Codex.
450 2096 504 2136 „in
521 2096 758 2130 haereditatem
777 2110 894 2142 capere
912 2110 1045 2129 ornnem
1059 2097 1149 2141 prin-

37 2141 206 2192 cipatum“
234 2150 298 2174 etc.
330 2141 414 2174 Cod.
447 2141 526 2183 Reg.
564 2143 822 2182 „haereditatem
854 2155 970 2186 cape1e
1001 2155 1150 2175 omnium

37 2185 302 2237 principatuum,
333 2195 364 2218 et
389 2186 538 2219 omnium
563 2197 776 2231 potestatum,
802 2197 834 2220 et
860 2187 1052 2220 virtutumf‘
1082 2188 1150 2220 Sed

37 2231 138 2264 ceteri
162 2231 239 2264 Mss.
265 2241 297 2264 ct
321 2231 401 2263 editi
425 2234 471 2274 (v.
498 2245 524 2264 c.
550 2233 624 2265 edd.
649 2234 715 2278 Μ.)
740 2243 776 2266 ut
799 2233 832 2266 in
856 2242 971 2266 nostro
996 2242 1096 2267 textu.
1111 2233 1148 2266 R

127 2286 161 2332 ⁷)
185 2287 269 2321 Edd.
295 2287 340 2320 M.
365 2288 676 2333 ,‚quibuscunquc.“
