<?xml version="1.0" encoding="UTF-8"?>
<!DOCTYPE html PUBLIC "-//W3C//DTD XHTML 1.0 Transitional//EN"
    "http://www.w3.org/TR/xhtml1/DTD/xhtml1-transitional.dtd">
<html xmlns="http://www.w3.org/1999/xhtml" xml:lang="en" lang="en">
 <head>
  <title>
</title>
<meta http-equiv="Content-Type" content="text/html;charset=utf-8" />
  <meta name='ocr-system' content='tesseract 3.04.00' />
  <meta name='ocr-capabilities' content='ocr_page ocr_carea ocr_par ocr_line ocrx_word'/>
</head>
<body>
  <div class='ocr_page' id='page_1' title='image "./operaomniaquaegr24orig/operaomniaquaegr24orig_0307.png"; bbox 0 0 1422 2472; ppageno 0'>
   <div class='ocr_carea' id='block_1_1' title="bbox 1117 81 1136 95">
    <p class='ocr_par' dir='ltr' id='par_1_1' title="bbox 1117 81 1136 95">
     <span class='ocr_line' id='line_1_1' title="bbox 1117 81 1136 95; baseline -0.105 0"><span class='ocrx_word' id='word_1_1' title='bbox 1117 81 1136 95; x_wconf 67' lang='grc' dir='ltr'>ΑἸ</span> 
     </span>
    </p>
   </div>
   <div class='ocr_carea' id='block_1_2' title="bbox 441 80 1179 116">
    <p class='ocr_par' dir='ltr' id='par_1_2' title="bbox 441 80 1179 116">
     <span class='ocr_line' id='line_1_2' title="bbox 441 80 1179 116; baseline 0.001 -1"><span class='ocrx_word' id='word_1_2' title='bbox 441 83 562 115; x_wconf 67' lang='lat' dir='ltr'>Rom:</span> <span class='ocrx_word' id='word_1_3' title='bbox 591 82 806 114; x_wconf 65' lang='lat' dir='ltr'>paurum.</span> <span class='ocrx_word' id='word_1_4' title='bbox 1117 80 1179 116; x_wconf 57' lang='lat'>491</span> 
     </span>
    </p>
   </div>
   <div class='ocr_carea' id='block_1_3' title="bbox 44 170 1180 1753">
    <p class='ocr_par' dir='ltr' id='par_1_3' title="bbox 44 170 1180 1753">
     <span class='ocr_line' id='line_1_3' title="bbox 59 170 1180 216; baseline -0.002 -13"><span class='ocrx_word' id='word_1_5' title='bbox 59 171 165 203; x_wconf 77' lang='lat' dir='ltr'>libelli</span> <span class='ocrx_word' id='word_1_6' title='bbox 190 170 285 216; x_wconf 79' lang='lat' dir='ltr'>hujus</span> <span class='ocrx_word' id='word_1_7' title='bbox 311 173 461 204; x_wconf 78' lang='lat' dir='ltr'>edoceat.</span> <span class='ocrx_word' id='word_1_8' title='bbox 508 172 560 204; x_wconf 83' lang='lat' dir='ltr'>De</span> <span class='ocrx_word' id='word_1_9' title='bbox 586 171 634 203; x_wconf 81' lang='lat' dir='ltr'>his</span> <span class='ocrx_word' id='word_1_10' title='bbox 658 180 780 210; x_wconf 83' lang='lat' dir='ltr'>autem,</span> <span class='ocrx_word' id='word_1_11' title='bbox 806 182 887 214; x_wconf 81' lang='lat' dir='ltr'>quae</span> <span class='ocrx_word' id='word_1_12' title='bbox 908 170 996 214; x_wconf 68' lang='lat' dir='ltr'>:apud</span> <span class='ocrx_word' id='word_1_13' title='bbox 1013 181 1087 202; x_wconf 89' lang='lat' dir='ltr'>eum</span> <span class='ocrx_word' id='word_1_14' title='bbox 1102 182 1180 202; x_wconf 91' lang='lat' dir='ltr'>con-</span> 
     </span>
     <span class='ocr_line' id='line_1_4' title="bbox 55 231 1178 278; baseline -0.001 -14"><span class='ocrx_word' id='word_1_15' title='bbox 55 232 153 264; x_wconf 73' lang='lat' dir='ltr'>traria</span> <span class='ocrx_word' id='word_1_16' title='bbox 178 232 238 264; x_wconf 85' lang='lat' dir='ltr'>sibi</span> <span class='ocrx_word' id='word_1_17' title='bbox 263 233 493 272; x_wconf 76' lang='lat' dir='ltr'>inveniuntur,</span> <span class='ocrx_word' id='word_1_18' title='bbox 525 233 604 278; x_wconf 88' lang='lat' dir='ltr'>quid</span> <span class='ocrx_word' id='word_1_19' title='bbox 638 245 752 265; x_wconf 74' lang='lat' dir='ltr'>causae</span> <span class='ocrx_word' id='word_1_20' title='bbox 784 231 844 271; x_wconf 80' lang='lat' dir='ltr'>sit,</span> <span class='ocrx_word' id='word_1_21' title='bbox 875 235 907 263; x_wconf 87' lang='lat' dir='ltr'>in</span> <span class='ocrx_word' id='word_1_22' title='bbox 940 231 1059 264; x_wconf 87' lang='lat' dir='ltr'>ultimo</span> <span class='ocrx_word' id='word_1_23' title='bbox 1084 231 1178 264; x_wconf 86' lang='lat' dir='ltr'>brevi</span> 
     </span>
     <span class='ocr_line' id='line_1_5' title="bbox 54 292 1179 338; baseline 0 -13"><span class='ocrx_word' id='word_1_24' title='bbox 54 292 288 338; x_wconf 70' lang='lat' dir='ltr'>adjecdonc‘)</span> <span class='ocrx_word' id='word_1_25' title='bbox 315 294 521 328; x_wconf 78' lang='lat' dir='ltr'>docebimus.</span> <span class='ocrx_word' id='word_1_26' title='bbox 569 296 636 327; x_wconf 70' lang='lat' dir='ltr'>Nos</span> <span class='ocrx_word' id='word_1_27' title='bbox 669 302 797 332; x_wconf 74' lang='lat' dir='ltr'>autem,</span> <span class='ocrx_word' id='word_1_28' title='bbox 827 293 912 325; x_wconf 80' lang='lat' dir='ltr'>sicut</span> <span class='ocrx_word' id='word_1_29' title='bbox 942 292 1099 325; x_wconf 77' lang='lat' dir='ltr'>traditum</span> <span class='ocrx_word' id='word_1_30' title='bbox 1130 302 1179 325; x_wconf 87' lang='lat' dir='ltr'>est</span> 
     </span>
     <span class='ocr_line' id='line_1_6' title="bbox 52 353 1176 400; baseline 0 -14"><span class='ocrx_word' id='word_1_31' title='bbox 52 354 149 386; x_wconf 86' lang='lat' dir='ltr'>nobis</span> <span class='ocrx_word' id='word_1_32' title='bbox 174 368 191 387; x_wconf 76' lang='lat' dir='ltr'>a</span> <span class='ocrx_word' id='word_1_33' title='bbox 216 355 335 387; x_wconf 78' lang='lat' dir='ltr'>sanctis</span> <span class='ocrx_word' id='word_1_34' title='bbox 359 358 519 400; x_wconf 77' lang='lat' dir='ltr'>patribus,</span> <span class='ocrx_word' id='word_1_35' title='bbox 543 356 587 389; x_wconf 79' lang='lat' dir='ltr'>ita</span> <span class='ocrx_word' id='word_1_36' title='bbox 601 357 634 399; x_wconf 80' lang='lat'>²)</span> <span class='ocrx_word' id='word_1_37' title='bbox 660 364 828 394; x_wconf 85' lang='lat' dir='ltr'>tenemus,</span> <span class='ocrx_word' id='word_1_38' title='bbox 853 354 944 398; x_wconf 90' lang='lat' dir='ltr'>quod</span> <span class='ocrx_word' id='word_1_39' title='bbox 969 364 1079 387; x_wconf 77' lang='lat' dir='ltr'>sancta</span> <span class='ocrx_word' id='word_1_40' title='bbox 1102 353 1176 387; x_wconf 80' lang='lat' dir='ltr'>&#39;rri-</span> 
     </span>
     <span class='ocr_line' id='line_1_7' title="bbox 52 415 1178 458; baseline 0.001 -11"><span class='ocrx_word' id='word_1_41' title='bbox 52 415 136 448; x_wconf 79' lang='lat' dir='ltr'>nitas</span> <span class='ocrx_word' id='word_1_42' title='bbox 161 426 335 448; x_wconf 77' lang='lat' dir='ltr'>coaeterna</span> <span class='ocrx_word' id='word_1_43' title='bbox 358 415 411 455; x_wconf 87' lang='lat' dir='ltr'>sit,</span> <span class='ocrx_word' id='word_1_44' title='bbox 437 427 470 449; x_wconf 85' lang='lat' dir='ltr'>et</span> <span class='ocrx_word' id='word_1_45' title='bbox 493 416 588 448; x_wconf 89' lang='lat' dir='ltr'>unius</span> <span class='ocrx_word' id='word_1_46' title='bbox 613 425 766 455; x_wconf 80' lang='lat' dir='ltr'>naturae,</span> <span class='ocrx_word' id='word_1_47' title='bbox 789 415 953 458; x_wconf 85' lang='lat' dir='ltr'>uniusque</span> <span class='ocrx_word' id='word_1_48' title='bbox 979 415 1108 448; x_wconf 78' lang='lat' dir='ltr'>virtutis</span> <span class='ocrx_word' id='word_1_49' title='bbox 1131 425 1178 448; x_wconf 84' lang='lat' dir='ltr'>at-</span> 
     </span>
     <span class='ocr_line' id='line_1_8' title="bbox 52 475 1177 522; baseline 0 -12"><span class='ocrx_word' id='word_1_50' title='bbox 52 489 118 521; x_wconf 80' lang='lat' dir='ltr'>que</span> <span class='ocrx_word' id='word_1_51' title='bbox 142 477 360 510; x_wconf 76' lang='lat' dir='ltr'>substantiae:</span> <span class='ocrx_word' id='word_1_52' title='bbox 395 486 427 509; x_wconf 86' lang='lat' dir='ltr'>et</span> <span class='ocrx_word' id='word_1_53' title='bbox 452 478 542 522; x_wconf 89' lang='lat' dir='ltr'>quod</span> <span class='ocrx_word' id='word_1_54' title='bbox 569 477 656 509; x_wconf 84' lang='lat' dir='ltr'>filius</span> <span class='ocrx_word' id='word_1_55' title='bbox 682 476 736 509; x_wconf 89' lang='lat' dir='ltr'>dei</span> <span class='ocrx_word' id='word_1_56' title='bbox 760 476 793 508; x_wconf 90' lang='lat' dir='ltr'>in</span> <span class='ocrx_word' id='word_1_57' title='bbox 818 475 1000 508; x_wconf 84' lang='lat' dir='ltr'>novissimo</span> <span class='ocrx_word' id='word_1_58' title='bbox 1024 486 1177 521; x_wconf 79' lang='lat' dir='ltr'>tempore</span> 
     </span>
     <span class='ocr_line' id='line_1_9' title="bbox 52 537 1177 582; baseline 0.001 -12"><span class='ocrx_word' id='word_1_59' title='bbox 52 539 157 571; x_wconf 85' lang='lat' dir='ltr'>homo</span> <span class='ocrx_word' id='word_1_60' title='bbox 182 539 288 571; x_wconf 83' lang='lat' dir='ltr'>sactus</span> <span class='ocrx_word' id='word_1_61' title='bbox 314 548 373 578; x_wconf 84' lang='lat' dir='ltr'>est,</span> <span class='ocrx_word' id='word_1_62' title='bbox 401 547 433 570; x_wconf 82' lang='lat' dir='ltr'>et</span> <span class='ocrx_word' id='word_1_63' title='bbox 457 551 519 582; x_wconf 91' lang='lat' dir='ltr'>pro</span> <span class='ocrx_word' id='word_1_64' title='bbox 545 538 691 582; x_wconf 86' lang='lat' dir='ltr'>peccatis</span> <span class='ocrx_word' id='word_1_65' title='bbox 714 537 835 571; x_wconf 87' lang='lat' dir='ltr'>nostris</span> <span class='ocrx_word' id='word_1_66' title='bbox 859 550 971 581; x_wconf 80' lang='lat' dir='ltr'>passus</span> <span class='ocrx_word' id='word_1_67' title='bbox 996 548 1061 577; x_wconf 89' lang='lat' dir='ltr'>est,</span> <span class='ocrx_word' id='word_1_68' title='bbox 1086 547 1118 570; x_wconf 91' lang='lat' dir='ltr'>et</span> <span class='ocrx_word' id='word_1_69' title='bbox 1142 538 1177 571; x_wconf 88' lang='lat' dir='ltr'>in</span> 
     </span>
     <span class='ocr_line' id='line_1_10' title="bbox 50 598 1176 644; baseline 0 -13"><span class='ocrx_word' id='word_1_70' title='bbox 50 611 87 631; x_wconf 81' lang='lat' dir='ltr'>ea</span> <span class='ocrx_word' id='word_1_71' title='bbox 111 599 182 644; x_wconf 81' lang='lat' dir='ltr'>ipsa</span> <span class='ocrx_word' id='word_1_72' title='bbox 207 612 321 639; x_wconf 84' lang='lat' dir='ltr'>carne,</span> <span class='ocrx_word' id='word_1_73' title='bbox 365 599 398 631; x_wconf 89' lang='lat' dir='ltr'>in</span> <span class='ocrx_word' id='word_1_74' title='bbox 430 612 496 643; x_wconf 82' lang='lat' dir='ltr'>qua</span> <span class='ocrx_word' id='word_1_75' title='bbox 529 612 642 643; x_wconf 79' lang='lat' dir='ltr'>passus</span> <span class='ocrx_word' id='word_1_76' title='bbox 675 609 740 637; x_wconf 86' lang='lat' dir='ltr'>est,</span> <span class='ocrx_word' id='word_1_77' title='bbox 778 598 955 630; x_wconf 79' lang='lat' dir='ltr'>resurrexit</span> <span class='ocrx_word' id='word_1_78' title='bbox 984 611 1003 631; x_wconf 86' lang='lat' dir='ltr'>a</span> <span class='ocrx_word' id='word_1_79' title='bbox 1025 599 1176 638; x_wconf 85' lang='lat' dir='ltr'>mortuis,</span> 
     </span>
     <span class='ocr_line' id='line_1_11' title="bbox 49 659 1177 704; baseline 0.001 -13"><span class='ocrx_word' id='word_1_80' title='bbox 49 669 191 704; x_wconf 86' lang='lat' dir='ltr'>propter</span> <span class='ocrx_word' id='word_1_81' title='bbox 221 660 312 704; x_wconf 85' lang='lat' dir='ltr'>quod</span> <span class='ocrx_word' id='word_1_82' title='bbox 344 670 376 692; x_wconf 90' lang='lat' dir='ltr'>et</span> <span class='ocrx_word' id='word_1_83' title='bbox 405 661 658 693; x_wconf 72' lang='lat' dir='ltr'>resurrectionis</span> <span class='ocrx_word' id='word_1_84' title='bbox 689 673 783 704; x_wconf 86' lang='lat' dir='ltr'>spem</span> <span class='ocrx_word' id='word_1_85' title='bbox 814 660 959 691; x_wconf 73' lang='lat' dir='ltr'>humano</span> <span class='ocrx_word' id='word_1_86' title='bbox 983 659 1095 702; x_wconf 82' lang='lat' dir='ltr'>generi</span> <span class='ocrx_word' id='word_1_87' title='bbox 1118 660 1177 692; x_wconf 86' lang='lat' dir='ltr'>tri-</span> 
     </span>
     <span class='ocr_line' id='line_1_12' title="bbox 47 720 1175 766; baseline 0.001 -13"><span class='ocrx_word' id='word_1_88' title='bbox 47 721 130 754; x_wconf 84' lang='lat' dir='ltr'>buit.</span> <span class='ocrx_word' id='word_1_89' title='bbox 179 721 294 754; x_wconf 77' lang='lat' dir='ltr'>Carnis</span> <span class='ocrx_word' id='word_1_90' title='bbox 320 734 400 754; x_wconf 73' lang='lat' dir='ltr'>vero</span> <span class='ocrx_word' id='word_1_91' title='bbox 426 722 706 754; x_wconf 81' lang='lat' dir='ltr'>resurrectionem</span> <span class='ocrx_word' id='word_1_92' title='bbox 736 734 806 753; x_wconf 92' lang='lat' dir='ltr'>non</span> <span class='ocrx_word' id='word_1_93' title='bbox 838 733 901 766; x_wconf 89' lang='lat' dir='ltr'>per</span> <span class='ocrx_word' id='word_1_94' title='bbox 931 720 1056 766; x_wconf 82' lang='lat' dir='ltr'>aliquas</span> <span class='ocrx_word' id='word_1_95' title='bbox 1080 734 1175 766; x_wconf 84' lang='lat' dir='ltr'>prae-</span> 
     </span>
     <span class='ocr_line' id='line_1_13' title="bbox 50 782 1175 824; baseline 0.002 -10"><span class='ocrx_word' id='word_1_96' title='bbox 50 782 178 824; x_wconf 81' lang='lat' dir='ltr'>stigias,</span> <span class='ocrx_word' id='word_1_97' title='bbox 207 782 292 814; x_wconf 88' lang='lat' dir='ltr'>sicut</span> <span class='ocrx_word' id='word_1_98' title='bbox 324 782 480 815; x_wconf 80' lang='lat' dir='ltr'>nonnulli</span> <span class='ocrx_word' id='word_1_99' title='bbox 514 782 776 822; x_wconf 79' lang='lat' dir='ltr'>calumniantur,</span> <span class='ocrx_word' id='word_1_100' title='bbox 814 782 972 815; x_wconf 87' lang='lat' dir='ltr'>dicimus:</span> <span class='ocrx_word' id='word_1_101' title='bbox 1010 783 1068 816; x_wconf 89' lang='lat' dir='ltr'>sed</span> <span class='ocrx_word' id='word_1_102' title='bbox 1091 783 1175 816; x_wconf 83' lang='lat' dir='ltr'>hanc</span> 
     </span>
     <span class='ocr_line' id='line_1_14' title="bbox 48 843 1175 889; baseline 0.002 -13"><span class='ocrx_word' id='word_1_103' title='bbox 48 844 154 889; x_wconf 78' lang='lat' dir='ltr'>ipsam</span> <span class='ocrx_word' id='word_1_104' title='bbox 179 856 322 884; x_wconf 81' lang='lat' dir='ltr'>carnem,</span> <span class='ocrx_word' id='word_1_105' title='bbox 346 844 381 876; x_wconf 86' lang='lat' dir='ltr'>in</span> <span class='ocrx_word' id='word_1_106' title='bbox 406 856 469 888; x_wconf 82' lang='lat' dir='ltr'>qua</span> <span class='ocrx_word' id='word_1_107' title='bbox 492 857 581 876; x_wconf 87' lang='lat' dir='ltr'>nunc</span> <span class='ocrx_word' id='word_1_108' title='bbox 605 843 765 883; x_wconf 83' lang='lat' dir='ltr'>vivimus,</span> <span class='ocrx_word' id='word_1_109' title='bbox 788 853 1047 877; x_wconf 79' lang='lat' dir='ltr'>resurrecturam</span> <span class='ocrx_word' id='word_1_110' title='bbox 1070 846 1175 878; x_wconf 88' lang='lat' dir='ltr'>credi-</span> 
     </span>
     <span class='ocr_line' id='line_1_15' title="bbox 47 905 1174 953; baseline 0 -14"><span class='ocrx_word' id='word_1_111' title='bbox 47 918 142 948; x_wconf 84' lang='lat' dir='ltr'>mus;</span> <span class='ocrx_word' id='word_1_112' title='bbox 164 919 233 938; x_wconf 91' lang='lat' dir='ltr'>non</span> <span class='ocrx_word' id='word_1_113' title='bbox 259 905 357 938; x_wconf 80' lang='lat' dir='ltr'>aliam</span> <span class='ocrx_word' id='word_1_114' title='bbox 381 918 444 950; x_wconf 85' lang='lat' dir='ltr'>pro</span> <span class='ocrx_word' id='word_1_115' title='bbox 469 905 551 945; x_wconf 81' lang='lat' dir='ltr'>alia,</span> <span class='ocrx_word' id='word_1_116' title='bbox 581 918 643 938; x_wconf 88' lang='lat' dir='ltr'>nec</span> <span class='ocrx_word' id='word_1_117' title='bbox 676 917 798 949; x_wconf 87' lang='lat' dir='ltr'>corpus</span> <span class='ocrx_word' id='word_1_118' title='bbox 830 905 921 938; x_wconf 83' lang='lat' dir='ltr'>aliud</span> <span class='ocrx_word' id='word_1_119' title='bbox 953 919 1052 951; x_wconf 79' lang='lat' dir='ltr'>quam</span> <span class='ocrx_word' id='word_1_120' title='bbox 1076 907 1174 953; x_wconf 86' lang='lat' dir='ltr'>hujus</span> 
     </span>
     <span class='ocr_line' id='line_1_16' title="bbox 49 966 1174 1011; baseline 0 -10"><span class='ocrx_word' id='word_1_121' title='bbox 49 968 154 1001; x_wconf 72' lang='lat' dir='ltr'>carnis</span> <span class='ocrx_word' id='word_1_122' title='bbox 179 967 328 1000; x_wconf 85' lang='lat' dir='ltr'>dicimus.</span> <span class='ocrx_word' id='word_1_123' title='bbox 378 966 456 1000; x_wconf 88' lang='lat' dir='ltr'>Sive</span> <span class='ocrx_word' id='word_1_124' title='bbox 478 979 556 1009; x_wconf 86' lang='lat' dir='ltr'>ergo</span> <span class='ocrx_word' id='word_1_125' title='bbox 582 980 704 1011; x_wconf 80' lang='lat' dir='ltr'>corpus</span> <span class='ocrx_word' id='word_1_126' title='bbox 728 976 993 1000; x_wconf 88' lang='lat' dir='ltr'>resurrecturum</span> <span class='ocrx_word' id='word_1_127' title='bbox 1021 967 1174 1008; x_wconf 78' lang='lat' dir='ltr'>dicimus,</span> 
     </span>
     <span class='ocr_line' id='line_1_17' title="bbox 48 1028 1175 1073; baseline -0.001 -10"><span class='ocrx_word' id='word_1_128' title='bbox 48 1030 231 1063; x_wconf 83' lang='lat' dir='ltr'>secundum</span> <span class='ocrx_word' id='word_1_129' title='bbox 257 1029 461 1073; x_wconf 82' lang='lat' dir='ltr'>Apostolum</span> <span class='ocrx_word' id='word_1_130' title='bbox 486 1028 645 1069; x_wconf 79' lang='lat' dir='ltr'>dicimus3</span> <span class='ocrx_word' id='word_1_131' title='bbox 668 1029 734 1061; x_wconf 89' lang='lat' dir='ltr'>hoc</span> <span class='ocrx_word' id='word_1_132' title='bbox 761 1028 849 1060; x_wconf 89' lang='lat' dir='ltr'>enim</span> <span class='ocrx_word' id='word_1_133' title='bbox 872 1028 1009 1061; x_wconf 86' lang='lat' dir='ltr'>nomine</span> <span class='ocrx_word' id='word_1_134' title='bbox 1025 1042 1102 1062; x_wconf 89' lang='lat' dir='ltr'>usus</span> <span class='ocrx_word' id='word_1_135' title='bbox 1126 1039 1175 1062; x_wconf 90' lang='lat' dir='ltr'>est</span> 
     </span>
     <span class='ocr_line' id='line_1_18' title="bbox 48 1089 1174 1137; baseline -0.001 -13"><span class='ocrx_word' id='word_1_136' title='bbox 48 1092 123 1124; x_wconf 87' lang='lat' dir='ltr'>ille:</span> <span class='ocrx_word' id='word_1_137' title='bbox 149 1091 216 1124; x_wconf 84' lang='lat' dir='ltr'>sive</span> <span class='ocrx_word' id='word_1_138' title='bbox 240 1103 371 1123; x_wconf 85' lang='lat' dir='ltr'>carnem</span> <span class='ocrx_word' id='word_1_139' title='bbox 397 1089 549 1130; x_wconf 87' lang='lat' dir='ltr'>dicimus,</span> <span class='ocrx_word' id='word_1_140' title='bbox 577 1090 761 1122; x_wconf 86' lang='lat' dir='ltr'>secundum</span> <span class='ocrx_word' id='word_1_141' title='bbox 785 1090 1002 1123; x_wconf 79' lang='lat' dir='ltr'>traditionem</span> <span class='ocrx_word' id='word_1_142' title='bbox 1019 1091 1174 1137; x_wconf 83' lang='lat' dir='ltr'>Symboli</span> 
     </span>
     <span class='ocr_line' id='line_1_19' title="bbox 48 1150 1174 1193; baseline -0.001 -7"><span class='ocrx_word' id='word_1_143' title='bbox 48 1153 259 1186; x_wconf 82' lang='lat' dir='ltr'>confitemur.</span> <span class='ocrx_word' id='word_1_144' title='bbox 307 1151 415 1185; x_wconf 77' lang='lat' dir='ltr'>Stulta</span> <span class='ocrx_word' id='word_1_145' title='bbox 451 1150 537 1184; x_wconf 83' lang='lat' dir='ltr'>enim</span> <span class='ocrx_word' id='word_1_146' title='bbox 561 1151 753 1184; x_wconf 74' lang='lat' dir='ltr'>adinventio</span> <span class='ocrx_word' id='word_1_147' title='bbox 779 1151 964 1184; x_wconf 83' lang='lat' dir='ltr'>calumniae</span> <span class='ocrx_word' id='word_1_148' title='bbox 1000 1161 1069 1193; x_wconf 89' lang='lat' dir='ltr'>est,</span> <span class='ocrx_word' id='word_1_149' title='bbox 1101 1165 1174 1185; x_wconf 90' lang='lat' dir='ltr'>cor-</span> 
     </span>
     <span class='ocr_line' id='line_1_20' title="bbox 44 1213 1171 1260; baseline -0.002 -12"><span class='ocrx_word' id='word_1_150' title='bbox 44 1229 108 1260; x_wconf 89' lang='lat' dir='ltr'>pus</span> <span class='ocrx_word' id='word_1_151' title='bbox 132 1216 314 1248; x_wconf 84' lang='lat' dir='ltr'>humanum</span> <span class='ocrx_word' id='word_1_152' title='bbox 338 1213 429 1246; x_wconf 74' lang='lat' dir='ltr'>aliud</span> <span class='ocrx_word' id='word_1_153' title='bbox 452 1222 570 1258; x_wconf 82' lang='lat' dir='ltr'>putare</span> <span class='ocrx_word' id='word_1_154' title='bbox 595 1225 663 1245; x_wconf 87' lang='lat' dir='ltr'>esse</span> <span class='ocrx_word' id='word_1_155' title='bbox 688 1225 786 1257; x_wconf 83' lang='lat' dir='ltr'>quam</span> <span class='ocrx_word' id='word_1_156' title='bbox 813 1225 955 1246; x_wconf 88' lang='lat' dir='ltr'>carnem.</span> <span class='ocrx_word' id='word_1_157' title='bbox 991 1213 1069 1246; x_wconf 81' lang='lat' dir='ltr'>Sive</span> <span class='ocrx_word' id='word_1_158' title='bbox 1093 1226 1171 1256; x_wconf 87' lang='lat' dir='ltr'>ergo</span> 
     </span>
     <span class='ocr_line' id='line_1_21' title="bbox 46 1273 1171 1319; baseline -0.002 -10"><span class='ocrx_word' id='word_1_159' title='bbox 46 1290 121 1310; x_wconf 78' lang='lat' dir='ltr'>caro</span> <span class='ocrx_word' id='word_1_160' title='bbox 147 1277 329 1309; x_wconf 88' lang='lat' dir='ltr'>secundum</span> <span class='ocrx_word' id='word_1_161' title='bbox 354 1286 566 1307; x_wconf 87' lang='lat' dir='ltr'>communem</span> <span class='ocrx_word' id='word_1_162' title='bbox 601 1274 720 1314; x_wconf 83' lang='lat' dir='ltr'>fidem,</span> <span class='ocrx_word' id='word_1_163' title='bbox 751 1273 819 1307; x_wconf 79' lang='lat' dir='ltr'>sive</span> <span class='ocrx_word' id='word_1_164' title='bbox 843 1287 965 1319; x_wconf 90' lang='lat' dir='ltr'>corpus</span> <span class='ocrx_word' id='word_1_165' title='bbox 988 1275 1171 1307; x_wconf 89' lang='lat' dir='ltr'>secundum</span> 
     </span>
     <span class='ocr_line' id='line_1_22' title="bbox 46 1335 1171 1382; baseline -0.001 -11"><span class='ocrx_word' id='word_1_166' title='bbox 46 1336 249 1382; x_wconf 83' lang='lat' dir='ltr'>Apostolum</span> <span class='ocrx_word' id='word_1_167' title='bbox 274 1336 406 1377; x_wconf 87' lang='lat' dir='ltr'>dicitur,</span> <span class='ocrx_word' id='word_1_168' title='bbox 432 1336 524 1380; x_wconf 87' lang='lat' dir='ltr'>quod</span> <span class='ocrx_word' id='word_1_169' title='bbox 539 1345 697 1377; x_wconf 79' lang='lat' dir='ltr'>resurget,</span> <span class='ocrx_word' id='word_1_170' title='bbox 720 1335 767 1368; x_wconf 83' lang='lat' dir='ltr'>ita</span> <span class='ocrx_word' id='word_1_171' title='bbox 785 1336 989 1368; x_wconf 84' lang='lat' dir='ltr'>credendum</span> <span class='ocrx_word' id='word_1_172' title='bbox 1003 1345 1061 1376; x_wconf 88' lang='lat' dir='ltr'>est,</span> <span class='ocrx_word' id='word_1_173' title='bbox 1084 1336 1171 1370; x_wconf 86' lang='lat' dir='ltr'>sicut</span> 
     </span>
     <span class='ocr_line' id='line_1_23' title="bbox 46 1396 1170 1444; baseline -0.001 -13"><span class='ocrx_word' id='word_1_174' title='bbox 46 1399 231 1444; x_wconf 84' lang='lat' dir='ltr'>Apostolus</span> <span class='ocrx_word' id='word_1_175' title='bbox 256 1397 424 1438; x_wconf 85' lang='lat' dir='ltr'>definivit,</span> <span class='ocrx_word' id='word_1_176' title='bbox 456 1397 535 1441; x_wconf 79' lang='lat' dir='ltr'>quia</span> <span class='ocrx_word' id='word_1_177' title='bbox 551 1397 585 1441; x_wconf 82' lang='lat'>³)</span> <span class='ocrx_word' id='word_1_178' title='bbox 607 1397 699 1441; x_wconf 88' lang='lat' dir='ltr'>quod</span> <span class='ocrx_word' id='word_1_179' title='bbox 721 1406 890 1439; x_wconf 86' lang='lat' dir='ltr'>resurget,</span> <span class='ocrx_word' id='word_1_180' title='bbox 915 1396 948 1429; x_wconf 88' lang='lat' dir='ltr'>in</span> <span class='ocrx_word' id='word_1_181' title='bbox 973 1396 1096 1430; x_wconf 86' lang='lat' dir='ltr'>virtute</span> <span class='ocrx_word' id='word_1_182' title='bbox 1119 1411 1170 1431; x_wconf 90' lang='lat' dir='ltr'>re-</span> 
     </span>
     <span class='ocr_line' id='line_1_24' title="bbox 46 1458 1170 1504; baseline -0.002 -10"><span class='ocrx_word' id='word_1_183' title='bbox 46 1470 166 1503; x_wconf 83' lang='lat' dir='ltr'>surget,</span> <span class='ocrx_word' id='word_1_184' title='bbox 191 1469 223 1493; x_wconf 86' lang='lat' dir='ltr'>et</span> <span class='ocrx_word' id='word_1_185' title='bbox 246 1459 279 1492; x_wconf 92' lang='lat' dir='ltr'>in</span> <span class='ocrx_word' id='word_1_186' title='bbox 303 1458 428 1502; x_wconf 80' lang='lat' dir='ltr'>gloria3</span> <span class='ocrx_word' id='word_1_187' title='bbox 453 1468 486 1491; x_wconf 90' lang='lat' dir='ltr'>et</span> <span class='ocrx_word' id='word_1_188' title='bbox 510 1458 766 1503; x_wconf 81' lang='lat' dir='ltr'>incorruptibile</span> <span class='ocrx_word' id='word_1_189' title='bbox 779 1458 812 1503; x_wconf 62' lang='grc'>4)</span> <span class='ocrx_word' id='word_1_190' title='bbox 844 1468 994 1500; x_wconf 82' lang='lat' dir='ltr'>resurget</span> <span class='ocrx_word' id='word_1_191' title='bbox 1017 1468 1050 1491; x_wconf 90' lang='lat' dir='ltr'>et</span> <span class='ocrx_word' id='word_1_192' title='bbox 1073 1459 1170 1504; x_wconf 85' lang='lat' dir='ltr'>spiri-</span> 
     </span>
     <span class='ocr_line' id='line_1_25' title="bbox 45 1519 1169 1567; baseline -0.001 -12"><span class='ocrx_word' id='word_1_193' title='bbox 45 1523 136 1556; x_wconf 75' lang='lat' dir='ltr'>tuale</span> <span class='ocrx_word' id='word_1_194' title='bbox 161 1534 304 1567; x_wconf 79' lang='lat' dir='ltr'>corpus3</span> <span class='ocrx_word' id='word_1_195' title='bbox 328 1520 405 1565; x_wconf 82' lang='lat' dir='ltr'>quia</span> <span class='ocrx_word' id='word_1_196' title='bbox 431 1519 624 1565; x_wconf 88' lang='lat' dir='ltr'>»corruptio</span> <span class='ocrx_word' id='word_1_197' title='bbox 639 1521 671 1565; x_wconf 91' lang='lat'>⁵)</span> <span class='ocrx_word' id='word_1_198' title='bbox 695 1520 984 1565; x_wconf 86' lang='lat' dir='ltr'>incorruptionem</span> <span class='ocrx_word' id='word_1_199' title='bbox 1003 1533 1071 1553; x_wconf 88' lang='lat' dir='ltr'>non</span> <span class='ocrx_word' id='word_1_200' title='bbox 1089 1534 1169 1566; x_wconf 85' lang='lat' dir='ltr'>pos-</span> 
     </span>
     <span class='ocr_line' id='line_1_26' title="bbox 46 1581 1168 1627; baseline -0.002 -9"><span class='ocrx_word' id='word_1_201' title='bbox 46 1584 204 1618; x_wconf 83' lang='lat' dir='ltr'>sidebit.«</span> <span class='ocrx_word' id='word_1_202' title='bbox 260 1582 367 1616; x_wconf 85' lang='lat' dir='ltr'>Salvis</span> <span class='ocrx_word' id='word_1_203' title='bbox 401 1594 478 1624; x_wconf 87' lang='lat' dir='ltr'>ergo</span> <span class='ocrx_word' id='word_1_204' title='bbox 515 1582 564 1615; x_wconf 86' lang='lat' dir='ltr'>his</span> <span class='ocrx_word' id='word_1_205' title='bbox 591 1582 830 1627; x_wconf 78' lang='lat' dir='ltr'>praerogativis</span> <span class='ocrx_word' id='word_1_206' title='bbox 860 1581 965 1615; x_wconf 84' lang='lat' dir='ltr'>futuri</span> <span class='ocrx_word' id='word_1_207' title='bbox 1005 1583 1168 1627; x_wconf 83' lang='lat' dir='ltr'>corporis,</span> 
     </span>
     <span class='ocr_line' id='line_1_27' title="bbox 47 1643 1167 1689; baseline -0.002 -11"><span class='ocrx_word' id='word_1_208' title='bbox 47 1647 101 1680; x_wconf 81' lang='lat' dir='ltr'>vel</span> <span class='ocrx_word' id='word_1_209' title='bbox 126 1645 251 1685; x_wconf 85' lang='lat' dir='ltr'>carnis,</span> <span class='ocrx_word' id='word_1_210' title='bbox 285 1644 485 1677; x_wconf 86' lang='lat' dir='ltr'>resurrectio</span> <span class='ocrx_word' id='word_1_211' title='bbox 517 1643 622 1676; x_wconf 78' lang='lat' dir='ltr'>carnis</span> <span class='ocrx_word' id='word_1_212' title='bbox 652 1644 817 1677; x_wconf 80' lang='lat' dir='ltr'>credenda</span> <span class='ocrx_word' id='word_1_213' title='bbox 848 1653 897 1676; x_wconf 88' lang='lat' dir='ltr'>est</span> <span class='ocrx_word' id='word_1_214' title='bbox 920 1643 1047 1686; x_wconf 81' lang='lat' dir='ltr'>integre</span> <span class='ocrx_word' id='word_1_215' title='bbox 1070 1653 1167 1689; x_wconf 78' lang='lat' dir='ltr'>atque</span> 
     </span>
     <span class='ocr_line' id='line_1_28' title="bbox 48 1706 1166 1753; baseline -0.002 -12"><span class='ocrx_word' id='word_1_216' title='bbox 48 1709 208 1753; x_wconf 82' lang='lat' dir='ltr'>perfecte,</span> <span class='ocrx_word' id='word_1_217' title='bbox 233 1715 270 1738; x_wconf 90' lang='lat' dir='ltr'>ut</span> <span class='ocrx_word' id='word_1_218' title='bbox 294 1715 326 1738; x_wconf 88' lang='lat' dir='ltr'>et</span> <span class='ocrx_word' id='word_1_219' title='bbox 348 1715 463 1738; x_wconf 76' lang='lat' dir='ltr'>natura</span> <span class='ocrx_word' id='word_1_220' title='bbox 489 1706 593 1738; x_wconf 79' lang='lat' dir='ltr'>carnis</span> <span class='ocrx_word' id='word_1_221' title='bbox 619 1707 733 1739; x_wconf 87' lang='lat' dir='ltr'>eadem</span> <span class='ocrx_word' id='word_1_222' title='bbox 750 1715 909 1746; x_wconf 83' lang='lat' dir='ltr'>servetur,</span> <span class='ocrx_word' id='word_1_223' title='bbox 934 1714 967 1738; x_wconf 88' lang='lat' dir='ltr'>et</span> <span class='ocrx_word' id='word_1_224' title='bbox 981 1706 1166 1751; x_wconf 84' lang='lat' dir='ltr'>incorrupti</span> 
     </span>
    </p>
   </div>
   <div class='ocr_carea' id='block_1_4' title="bbox 50 1767 1164 1814">
    <p class='ocr_par' dir='ltr' id='par_1_4' title="bbox 50 1767 1164 1814">
     <span class='ocr_line' id='line_1_29' title="bbox 50 1767 1164 1814; baseline -0.001 -11"><span class='ocrx_word' id='word_1_225' title='bbox 50 1784 86 1803; x_wconf 78' lang='lat' dir='ltr'>ac</span> <span class='ocrx_word' id='word_1_226' title='bbox 116 1767 297 1814; x_wconf 81' lang='lat' dir='ltr'>spiritualis</span> <span class='ocrx_word' id='word_1_227' title='bbox 329 1767 480 1812; x_wconf 86' lang='lat' dir='ltr'>corporis</span> <span class='ocrx_word' id='word_1_228' title='bbox 510 1777 611 1800; x_wconf 82' lang='lat' dir='ltr'>status</span> <span class='ocrx_word' id='word_1_229' title='bbox 648 1777 678 1800; x_wconf 87' lang='lat' dir='ltr'>ct</span> <span class='ocrx_word' id='word_1_230' title='bbox 721 1767 825 1809; x_wconf 82' lang='lat' dir='ltr'>gloria</span> <span class='ocrx_word' id='word_1_231' title='bbox 861 1780 929 1800; x_wconf 89' lang='lat' dir='ltr'>non</span> <span class='ocrx_word' id='word_1_232' title='bbox 960 1767 1164 1810; x_wconf 83' lang='lat' dir='ltr'>infringatur.</span> 
     </span>
    </p>
   </div>
   <div class='ocr_carea' id='block_1_5' title="bbox 51 1895 1164 1986">
    <p class='ocr_par' dir='ltr' id='par_1_5' title="bbox 51 1895 1164 1986">
     <span class='ocr_line' id='line_1_30' title="bbox 145 1895 1164 1942; baseline -0.001 -11"><span class='ocrx_word' id='word_1_233' title='bbox 145 1899 174 1942; x_wconf 89' lang='lat'>¹)</span> <span class='ocrx_word' id='word_1_234' title='bbox 199 1898 255 1932; x_wconf 88' lang='lat' dir='ltr'>Sic</span> <span class='ocrx_word' id='word_1_235' title='bbox 285 1897 384 1929; x_wconf 87' lang='lat' dir='ltr'>Mser.</span> <span class='ocrx_word' id='word_1_236' title='bbox 416 1897 547 1939; x_wconf 82' lang='lat' dir='ltr'>Regius.</span> <span class='ocrx_word' id='word_1_237' title='bbox 597 1896 707 1929; x_wconf 77' lang='lat' dir='ltr'>Ceteri</span> <span class='ocrx_word' id='word_1_238' title='bbox 749 1909 826 1927; x_wconf 85' lang='lat' dir='ltr'>vero</span> <span class='ocrx_word' id='word_1_239' title='bbox 864 1895 942 1928; x_wconf 83' lang='lat' dir='ltr'>Mss.</span> <span class='ocrx_word' id='word_1_240' title='bbox 974 1897 1164 1938; x_wconf 76' lang='lat' dir='ltr'>adjectione</span> 
     </span>
     <span class='ocr_line' id='line_1_31' title="bbox 51 1942 1162 1986; baseline -0.003 -8"><span class='ocrx_word' id='word_1_241' title='bbox 51 1946 230 1978; x_wconf 80' lang='lat' dir='ltr'>docuimus.</span> <span class='ocrx_word' id='word_1_242' title='bbox 264 1942 357 1975; x_wconf 81' lang='lat' dir='ltr'>Editi</span> <span class='ocrx_word' id='word_1_243' title='bbox 383 1943 428 1986; x_wconf 93' lang='lat' dir='ltr'>(v.</span> <span class='ocrx_word' id='word_1_244' title='bbox 455 1955 480 1975; x_wconf 92' lang='lat' dir='ltr'>c.</span> <span class='ocrx_word' id='word_1_245' title='bbox 507 1942 581 1975; x_wconf 87' lang='lat' dir='ltr'>edd.</span> <span class='ocrx_word' id='word_1_246' title='bbox 606 1942 671 1986; x_wconf 85' lang='lat' dir='ltr'>M.)</span> <span class='ocrx_word' id='word_1_247' title='bbox 697 1943 815 1974; x_wconf 71' lang='lat' dir='ltr'>‹ulclita</span> <span class='ocrx_word' id='word_1_248' title='bbox 839 1942 1021 1974; x_wconf 78' lang='lat' dir='ltr'>assertione</span> <span class='ocrx_word' id='word_1_249' title='bbox 1045 1943 1162 1975; x_wconf 76' lang='lat' dir='ltr'>docui-</span> 
     </span>
    </p>
   </div>
   <div class='ocr_carea' id='block_1_6' title="bbox 48 1989 1161 2135">
    <p class='ocr_par' dir='ltr' id='par_1_6' title="bbox 48 1989 1161 2135">
     <span class='ocr_line' id='line_1_32' title="bbox 48 1989 1161 2088; baseline -0.002 -11"><span class='ocrx_word' id='word_1_250' title='bbox 48 1989 253 2088; x_wconf 38' lang='lat' dir='ltr'>mus-²3¹8&amp;</span> <span class='ocrx_word' id='word_1_251' title='bbox 277 2044 355 2076; x_wconf 86' lang='lat' dir='ltr'>Mss.</span> <span class='ocrx_word' id='word_1_252' title='bbox 403 2043 494 2075; x_wconf 86' lang='lat' dir='ltr'>Libri</span> <span class='ocrx_word' id='word_1_253' title='bbox 527 2043 607 2075; x_wconf 85' lang='lat' dir='ltr'>editi</span> <span class='ocrx_word' id='word_1_254' title='bbox 639 2044 683 2087; x_wconf 90' lang='lat' dir='ltr'>(v.</span> <span class='ocrx_word' id='word_1_255' title='bbox 718 2056 744 2074; x_wconf 77' lang='lat' dir='ltr'>e.</span> <span class='ocrx_word' id='word_1_256' title='bbox 778 2042 851 2074; x_wconf 82' lang='lat' dir='ltr'>edd.</span> <span class='ocrx_word' id='word_1_257' title='bbox 876 2042 941 2086; x_wconf 85' lang='lat' dir='ltr'>M.)</span> <span class='ocrx_word' id='word_1_258' title='bbox 972 2042 1161 2083; x_wconf 56' lang='lat' dir='ltr'>rainerum,</span> 
     </span>
     <span class='ocr_line' id='line_1_33' title="bbox 50 2089 286 2135; baseline -0.017 -11"><span class='ocrx_word' id='word_1_259' title='bbox 50 2092 138 2135; x_wconf 83' lang='lat' dir='ltr'>quod</span> <span class='ocrx_word' id='word_1_260' title='bbox 160 2099 219 2121; x_wconf 88' lang='lat' dir='ltr'>etc.</span> <span class='ocrx_word' id='word_1_261' title='bbox 246 2089 286 2121; x_wconf 83' lang='lat' dir='ltr'>R.</span> 
     </span>
    </p>
   </div>
   <div class='ocr_carea' id='block_1_7' title="bbox 141 2143 961 2350">
    <p class='ocr_par' dir='ltr' id='par_1_7' title="bbox 141 2143 961 2350">
     <span class='ocr_line' id='line_1_34' title="bbox 141 2143 582 2188; baseline -0.002 -11"><span class='ocrx_word' id='word_1_262' title='bbox 141 2145 174 2188; x_wconf 77' lang='lat'>³)</span> <span class='ocrx_word' id='word_1_263' title='bbox 200 2144 267 2177; x_wconf 82' lang='lat' dir='ltr'>Cfr.</span> <span class='ocrx_word' id='word_1_264' title='bbox 293 2144 303 2175; x_wconf 89' lang='lat' dir='ltr'>l</span> <span class='ocrx_word' id='word_1_265' title='bbox 331 2144 407 2176; x_wconf 92' lang='lat' dir='ltr'>Cor.</span> <span class='ocrx_word' id='word_1_266' title='bbox 432 2144 505 2183; x_wconf 86' lang='lat' dir='ltr'>XV,</span> <span class='ocrx_word' id='word_1_267' title='bbox 530 2143 582 2178; x_wconf 76' lang='grc'>43.</span> 
     </span>
     <span class='ocr_line' id='line_1_35' title="bbox 142 2199 660 2244; baseline -0.008 -9"><span class='ocrx_word' id='word_1_268' title='bbox 142 2202 175 2244; x_wconf 68' lang='lat'>⁴)</span> <span class='ocrx_word' id='word_1_269' title='bbox 202 2200 269 2234; x_wconf 84' lang='lat' dir='ltr'>Cfr.</span> <span class='ocrx_word' id='word_1_270' title='bbox 296 2200 307 2232; x_wconf 88' lang='lat' dir='ltr'>l</span> <span class='ocrx_word' id='word_1_271' title='bbox 334 2200 411 2232; x_wconf 87' lang='lat' dir='ltr'>Cor.</span> <span class='ocrx_word' id='word_1_272' title='bbox 435 2200 509 2239; x_wconf 91' lang='lat' dir='ltr'>XV,</span> <span class='ocrx_word' id='word_1_273' title='bbox 533 2199 584 2232; x_wconf 80' lang='grc'>42.</span> <span class='ocrx_word' id='word_1_274' title='bbox 610 2199 660 2233; x_wconf 82' lang='grc'>43.</span> 
     </span>
     <span class='ocr_line' id='line_1_36' title="bbox 143 2256 584 2300; baseline -0.005 -10"><span class='ocrx_word' id='word_1_275' title='bbox 143 2258 175 2300; x_wconf 67' lang='lat'>³)</span> <span class='ocrx_word' id='word_1_276' title='bbox 202 2256 269 2289; x_wconf 83' lang='lat' dir='ltr'>Csr.</span> <span class='ocrx_word' id='word_1_277' title='bbox 298 2257 307 2287; x_wconf 95' lang='lat' dir='ltr'>l</span> <span class='ocrx_word' id='word_1_278' title='bbox 335 2256 412 2289; x_wconf 84' lang='lat' dir='ltr'>Cor.</span> <span class='ocrx_word' id='word_1_279' title='bbox 437 2257 509 2295; x_wconf 85' lang='lat' dir='ltr'>XV,</span> <span class='ocrx_word' id='word_1_280' title='bbox 533 2256 584 2289; x_wconf 77' lang='lat'>50.</span> 
     </span>
     <span class='ocr_line' id='line_1_37' title="bbox 897 2318 961 2350; baseline -0.063 0"><span class='ocrx_word' id='word_1_281' title='bbox 897 2318 932 2350; x_wconf 69' lang='grc'>19</span> <span class='ocrx_word' id='word_1_282' title='bbox 948 2323 961 2337; x_wconf 65' lang='lat'>*</span> 
     </span>
    </p>
   </div>
  </div>
 </body>
</html>
