1422 2472
377 96 688 128 oium-:mmmmm
714 93 826 125 Lmen
843 93 882 125 ΙΙ,
1149 93 1190 127 91

66 183 167 214 chaco
194 183 363 229 conjungit
397 183 576 216 Facundus
607 182 685 215 libr.
710 182 789 215 ΧΠ.
824 196 894 226 cap.
923 182 951 216 1.
1002 182 1073 214 „Ad
1099 182 1194 220 banc,

64 243 182 288 inquit,
207 245 472 278 obstinationem
497 244 667 289 pertinere
694 244 848 284 dicimus,
873 244 943 276 imo
967 243 1197 289 principatum

64 305 99 338 in
125 319 162 338 ea
188 316 302 339 tenere
326 309 497 339 firmamus
521 307 595 339 illas
621 306 720 338 etiam
747 306 928 345 doctrinas,
953 319 1033 350 quas
1058 306 1194 350 quidam
1218 306 1221 309 ⁴

65 380 132 399 non
159 369 251 412 quasi
277 369 386 401 minus
412 369 632 409 intelligendo
659 367 850 412 Scripturas
887 367 1031 407 divinas,
1063 368 1120 400 sed
1153 367 1195 399 iis

62 439 177 473 aperte
201 432 397 470 resistendo,
422 430 494 463 sola
518 429 768 474 praesumtione
800 429 936 474 spiritus
962 429 1197 467 condiderunt,

63 489 149 522 sicut
173 492 388 524 Blanicliaeus
414 501 512 535 atque
539 490 733 532 Origenes«
793 491 896 523 Addit
928 491 1088 532 Evagrius
1119 500 1198 534 post

65 551 257 585 damnatum
290 553 409 598 synodi
448 551 748 584 vociferationibus
781 551 982 593 Origenem,
1025 552 1198 596 ipsiusque

65 613 253 656 partiarios,
277 613 442 658 placuisse
465 622 502 645 ut
528 613 570 645 de
596 625 636 645 eo
669 614 709 645 ad
734 613 962 645 Justinianum
995 614 1197 646 referretur:

66 682 134 706 tum
163 675 261 707 verba
284 675 355 719 ipsa
385 684 624 719 repraesentat,
647 674 681 706 in
707 674 828 719 quibus
852 674 1017 717 Origenes
1040 684 1198 720 tanquam

66 735 122 768 fur
143 737 391 769 anathematum
417 737 545 781 laqueis
571 735 790 775 constrictus,
816 745 848 768 et
873 746 963 769 extra
988 750 1080 769 sacra
1105 750 1200 770 moe-

64 796 118 829 nia
143 797 293 845 dejectus
318 811 387 831 esse
413 797 553 839 dicitur3
587 806 686 843 atque
719 798 769 830 his
804 798 933 843 adjecta
965 812 1034 831 esse
1066 798 1111 831 ait
1144 800 1200 831 da-

65 869 177 892 mnata
200 859 468 902 Origenistarum
494 860 658 905 capitula,
690 860 780 892 unde
809 860 910 892 facile
935 860 1141 899 innotescat,
1165 860 1200 892 in

66 921 186 965 quibus
210 922 263 955 illi
286 922 387 955 simul
414 921 468 953 vel
486 921 708 962 consentiant,
734 921 787 953 vel
806 921 1018 963 dissentiant;
1044 922 1199 966 quintum

67 996 104 1015 ex
128 983 167 1015 iis
200 983 355 1028 capitulis
382 983 557 1016 continere
590 984 710 1025 dogma
743 996 760 1015 a
794 983 966 1016 monachis
997 984 1200 1028 quibusdam

66 1045 184 1077 Novae
207 1046 347 1085 Laurae,
372 1055 405 1077 et
429 1045 616 1078 Theodoro
642 1045 763 1077 Ascida
789 1055 960 1084 assertum,
987 1047 1079 1090 quod
1104 1045 1202 1078 Chri-

68 1115 119 1138 sto
145 1107 298 1151 aequales
322 1108 454 1138 futuros
486 1106 519 1138 in
550 1105 764 1138 restitutione
791 1108 996 1150 Apostolos,
1022 1116 1054 1140 et
1079 1117 1202 1153 marty-

69 1179 120 1200 res
145 1181 183 1199 ex
208 1168 377 1200 miraculis
401 1168 442 1199 ab
466 1166 547 1211 ipsis
572 1166 671 1198 editis
689 1167 881 1208 concludit;
905 1168 1115 1213 nefariasque
1140 1169 1203 1201 Di-

71 1229 178 1275 dymi,
203 1229 354 1271 Evagrii,
391 1238 423 1261 et
448 1228 625 1261 Theodori
648 1229 829 1261 sententias
853 1229 998 1274 reliquas
1023 1230 1204 1272 diligenter

68 1291 169 1324 fuisse
193 1292 365 1324 collectas.
412 1290 524 1322 Habet
549 1290 630 1322 baec
654 1291 770 1322 eadem
788 1290 1012 1335 Nicephorus,
1036 1293 1096 1324 sed
1118 1305 1204 1325 non-

46 1352 161 1401 snalla
191 1361 364 1396 praeterea
396 1351 438 1384 de
463 1364 525 1383 suo
550 1351 715 1392 adnectit,
746 1352 857 1391 velut,
889 1352 1008 1394 agitata
1040 1354 1121 1386 haec
1152 1367 1204 1386 se-

70 1414 177 1446 cunda
201 1413 349 1446 sessione
374 1413 495 1453 fuisse3
520 1412 671 1445 adnectit
695 1422 728 1445 et
752 1413 845 1457 ipsos
869 1414 990 1459 synodi
1013 1415 1205 1448 anathema-

68 1475 204 1514 tismos,
230 1488 315 1520 quos
342 1475 383 1507 ad
404 1475 546 1507 verbum
571 1475 761 1507 describere
784 1488 819 1507 se
843 1475 1005 1516 affirmat,
1031 1477 1156 1522 quique
1181 1477 1206 1510 ii

70 1537 134 1582 ipsi
157 1547 244 1577 sunt,
271 1550 355 1581 quos
380 1537 545 1581 epistolae
570 1549 648 1569 suae
673 1538 715 1569 ad
740 1538 876 1570 Menam
907 1538 975 1583 jam
1007 1549 1082 1572 ante
1102 1540 1206 1572 Justi-

69 1599 186 1631 nianus
210 1600 434 1631 subtexuerat.
481 1598 615 1630 Horum
647 1598 731 1631 fides
765 1599 809 1631 sit
831 1612 935 1644 penes
960 1599 1206 1645 Nicephorum,

70 1660 286 1701 levissimum,
311 1670 349 1692 ut
373 1660 438 1705 jam
465 1670 540 1692 ante
560 1661 764 1699 monuimus,
790 1670 823 1693 et
837 1662 971 1694 futilem
986 1662 1206 1696 Graeculum.

74 1722 247 1756 Cedrenus
272 1731 383 1754 autem
411 1722 525 1754 literas
551 1722 694 1761 exhibet¹
720 1736 804 1767 quae
829 1736 846 1755 a
871 1724 1062 1757 Justiniano
1088 1726 1129 1758 ad
1154 1739 1207 1772 sy-

70 1785 198 1816 nodum
225 1793 340 1816 contra
374 1783 559 1825 Origenem
590 1783 709 1816 missae
739 1793 834 1817 sunt:
870 1798 1013 1829 quarum
1044 1787 1208 1820 sententia

71 1847 151 1878 haec
177 1855 245 1878 est:
271 1855 486 1889 compertum
512 1846 635 1878 habere
666 1859 701 1879 se
733 1848 918 1880 monachos
951 1860 1019 1880 esse
1045 1848 1209 1881 Hieroso-

73 1908 179 1953 lymis,
203 1909 261 1952 qui
286 1907 512 1952 Pythagorae,
537 1907 707 1947 Platonis,
740 1917 773 1940 et
799 1905 955 1951 Origenis
981 1923 1112 1942 errores
1137 1920 1210 1942 tue-

73 1979 189 2011 antur3
213 1982 279 2013 qua
304 1969 346 2001 de
367 1982 403 2001 re
429 1970 659 2013 quaerendum
688 1970 883 2004 decrevisse.
939 1972 1027 2004 Tum
1055 1973 1210 2012 dogmata

72 2030 223 2074 ipsorum
256 2031 388 2075 aliquot
418 2041 588 2072 recenset,
620 2031 709 2063 illud
740 2032 975 2076 potissimum,
1016 2034 1107 2078 quod
1140 2034 1211 2066 istis

75 2091 216 2124 maxime
242 2093 453 2136 temporibus
479 2093 675 2125 ventilatum
699 2094 933 2126 adnotavimus
958 2095 999 2126 de
1024 2096 1210 2127 animarum

75 2151 309 2197 ζΊροῡπάρξει,
334 2153 422 2186 inter
445 2167 526 2198 quas
553 2155 662 2187 anima
687 2155 760 2187 sola
783 2156 907 2188 Christi
934 2169 1030 2188 suum
1057 2157 1210 2188 ordinem

76 2214 217 2246 immota
244 2215 407 2256 tenuerit,
432 2217 524 2260 qnod
539 2229 575 2248 ex
594 2217 815 2262 Pythagorae,
841 2227 872 2249 et
890 2217 1030 2255 Plotini,
1056 2230 1091 2248 ac
1117 2230 1212 2262 prae-

80 2276 178 2320 cipue
205 2276 356 2309 Platonis
382 2277 663 2310 somniatiouibus
695 2279 735 2309 ab
760 2277 908 2319 Origene
933 2277 1128 2310 translatum
1155 2279 1212 2312 de-
