1413 2482
276 83 344 119 238
618 81 729 115 Pfi'rm
754 81 927 114 Dmms
950 80 1082 113 Hos-ru

275 172 431 206 meminit
449 169 672 216 expositionis
696 183 775 203 suae
793 170 826 203 in
844 170 1017 203 Psalmum
1037 169 1113 205 118.
1131 169 1358 216 Hieronymus
1382 171 1391 204 i

274 234 462 269 Prooemio
496 232 828 267 Commentariorum
867 246 1006 266 suorum
1043 232 1076 265 in
1112 233 1255 267 Abdiam
1289 233 1390 266 scribi

277 296 526 343 expositionem
552 294 708 336 origenis
733 295 766 327 in
795 295 994 335 Canticum,
1027 295 1133 328 fetum
1158 308 1228 329 esse
1260 295 1399 342 juvenili

277 359 405 393 aetatis.
438 357 687 403 Hieronymum
713 366 846 389 secutus
873 357 1040 390 Baronius
1056 357 1087 402 ¹)
1112 358 1238 390 factum
1263 357 1297 390 id
1321 366 1391 402 put.

279 434 369 454 anno
390 419 514 454 Christi
534 418 623 458 208„
649 432 717 463 quo
743 428 899 464 tempore
924 418 1122 461 vigesimum
1147 418 1284 452 tertium
1303 429 1389 452 aetat

278 497 402 517 annum
427 483 544 524 agebat
573 481 801 517 Adamantius,
850 482 980 523 Pugnat
1013 481 1097 514 illud
1133 494 1207 514 curn
1232 481 1378 515 rationib

278 543 483 588 Eusebii,2)
523 542 580 588 qui
613 552 684 575 tum
717 557 794 576 eum
820 543 1033 588 Scripturam
1064 543 1232 577 illustrare
1264 557 1381 577 exorsu

280 607 401 647 tradit,
434 619 539 651 quum
568 604 748 637 Antiochia
775 604 1012 637 Alexandriam
1038 618 1189 638 reversus
1215 615 1281 646 est,
1313 619 1398 638 unur

278 670 344 716 jam
376 678 409 701 et
438 668 574 710 triginta
604 679 709 699 annos
743 654 877 699 cir-citer
909 676 1015 700 natus.
1065 668 1159 700 Idem
1192 668 1259 702 alio
1294 669 1395 701 loco'*

281 733 399 765 decem
432 730 512 762 illos
537 727 870 762 Commentariorum
907 728 941 761 in
969 728 1146 762 Canticum
1173 731 1277 764 libros
1302 731 1397 765 Caes:

279 806 355 826 reae
381 791 562 824 absolvisse
580 790 764 833 Origenem
789 790 904 830 refert,
930 803 1014 835 quos
1040 791 1072 824 in
1098 791 1205 825 altero
1225 792 1396 826 Athenien.

279 868 411 888 secessu
437 854 663 886 inchoaverat.
713 853 766 885 Ad
797 853 982 885 secundum
1015 862 1127 885 autem
1160 853 1225 899 jam
1258 863 1291 886 et
1323 853 1395 899 quir

280 917 509 963 quagesimum
529 915 646 948 aetatis
663 927 788 947 annum
807 924 1018 958 pervenerat,
1045 928 1120 947 cum
1138 915 1282 948 Athenas
1299 915 1395 947 iterun

280 979 427 1024 repetiit.
487 976 728 1022 Expositiones
772 984 948 1021 praeterea
985 989 1059 1009 suas
1098 976 1132 1009 in
1167 977 1344 1017 Exodum,
1387 977 1394 1008 i

280 1028 489 1079 Leviticum,
526 1048 559 1071 et
590 1038 624 1070 in
656 1040 826 1071 Numeros
858 1038 924 1070 hoc
958 1038 1074 1082 Opere
1108 1038 1223 1071 laudat
1247 1039 1392 1082 Origene

283 1114 364 1146 quas
400 1100 533 1133 nonnisi
572 1100 638 1146 jam
676 1109 756 1132 natu
788 1099 946 1141 grandem
980 1099 1128 1132 emisisse
1162 1101 1324 1134 credibile
1356 1113 1388 1133 es

283 1163 397 1195 laudat
434 1172 467 1195 et
498 1161 726 1195 oratiunculas
766 1161 800 1193 in
839 1160 963 1194 librum
988 1162 1150 1195 Judicum
1189 1175 1207 1195 a
1239 1175 1272 1196 se
1306 1162 1392 1196 edita

283 1238 364 1270 quas
390 1237 458 1257 non
483 1223 564 1257 alias
591 1236 662 1256 esse
686 1232 784 1268 puto,
812 1235 911 1267 quam
938 1236 1022 1268 quae
1049 1233 1186 1257 exstant.
1227 1225 1316 1258 Num
1342 1237 1394 1266 erg

283 1286 370 1319 levia
405 1286 570 1331 quaedam
607 1295 641 1318 et
678 1284 774 1318 rudia
809 1283 875 1329 jam
912 1294 983 1317 tum
1021 1285 1218 1318 adolescens
1256 1286 1394 1319 effuder.

283 1348 524 1390 Adamantius;
554 1346 753 1392 provectior
775 1355 887 1379 autem
913 1356 1021 1379 aetate
1045 1359 1131 1379 nova
1156 1346 1214 1378 illa
1240 1347 1393 1380 Commei

283 1411 365 1444 taria
390 1410 508 1443 Tomis
533 1411 650 1445 decem
678 1409 833 1442 distincta
859 1408 988 1442 edidit?
1034 1409 1138 1441 Plane
1164 1409 1209 1441 ita
1240 1418 1305 1441 est:
1344 1421 1394 1441 nan

285 1472 396 1517 capite
437 1471 826 1517 septimorphilocaliae
862 1471 1085 1511 fragmentum
1126 1470 1321 1510 adducitur,
1367 1484 1394 1503 cn

283 1536 386 1568 verba
412 1535 493 1567 haec
518 1535 664 1579 praefixa
688 1543 784 1566 sunt:
821 1532 884 1566 Ἐκ
908 1533 971 1566 τοῦ
997 1534 1045 1570 εἰς
1076 1530 1116 1567 ἰὂ
1136 1525 1268 1577 ςΑισμα
1288 1546 1393 1578 ,naxos

283 1594 419 1642 τόμοι),
447 1593 490 1631 ὃν
515 1596 556 1631 ἕν
574 1598 618 1643 τῇ
646 1594 783 1639 νεότητι
809 1596 986 1639 ἔγραψεν.
1034 1593 1182 1626 Parvum
1211 1594 1298 1627 hunc
1321 1595 1393 1637 igin

284 1659 446 1699 Tomum,
472 1672 573 1704 quem
599 1658 632 1691 in
657 1657 797 1703 juvenili
821 1665 928 1690 aetate
947 1655 1112 1696 emiserat,
1138 1655 1287 1699 designat
1300 1656 1383 1690 Hier

283 1733 402 1766 nymus
427 1721 460 1753 in
486 1720 672 1753 Prooemio
699 1719 1032 1753 Commentariorum
1057 1718 1092 1751 in
1113 1718 1277 1751 Abdiam:
1303 1719 1384 1752 dece

285 1790 397 1814 autem
426 1781 599 1813 volumina
631 1791 710 1814 natu
742 1781 899 1823 grandior
925 1779 1086 1812 elimavit.
1135 1780 1176 1812 Id
1205 1779 1233 1813 si
1263 1779 1322 1820 sit,
1354 1778 1384 1825 ja

284 1842 499 1884 intelligitur,
516 1843 700 1875 Eusebium
725 1842 838 1886 priora
863 1842 920 1875 illa
944 1841 1135 1874 rudimenta
1154 1841 1251 1875 nullo
1268 1841 1385 1875 habuis

285 1917 440 1943 numero,
466 1917 651 1949 earumque
677 1905 836 1937 duntaxat
853 1903 1078 1948 scriptionum
1098 1903 1229 1936 duxisse
1246 1903 1373 1942 ratione

285 1978 366 2011 quas
396 1965 530 2007 ingenio
570 1975 602 1998 et
634 1965 726 1998 annis
762 1965 928 1997 maturior
961 1964 1127 2006 Origenes
1158 1964 1334 1999 accuravit.

285 2027 437 2060 Homilia
474 2026 577 2071 ipsius
613 2027 790 2060 undecima
830 2027 863 2058 in
900 2026 1115 2060 Ezechielem
1152 2040 1244 2063 num.
1269 2026 1302 2061 5.
1341 2025 1392 2058 ha(

360 2203 368 2210 ·
387 2163 418 2206 ¹)
446 2162 516 2196 Cfr.
539 2162 662 2195 Baron.
692 2136 810 2194 Annal.
836 2161 911 2195 208.
938 2174 1006 2206 cap.
1032 2161 1062 2196 3.

382 2218 416 2262 ²)
443 2218 514 2251 Cfr.
538 2218 660 2251 Euseb.
687 2217 814 2250 Hister.
841 2216 917 2250 libr.
935 2218 994 2250 VI.
1020 2230 1090 2261 cap.
1115 2217 1170 2253 23.

382 2276 416 2318 3)
443 2275 512 2308 Cfr.
537 2274 659 2307 Euseb.
687 2273 811 2306 Histor.
839 2272 914 2305 libr.
932 2273 989 2306 Vl.
1017 2286 1087 2318 cap.
1114 2272 1167 2308 32.
