1422 2472
403 101 717 134 OfflGENJANonuM
743 101 855 134 Lmen
882 102 924 134 11.
1179 103 1218 135 71

83 201 202 231 genem
227 200 306 232 prae
331 201 365 220 se
391 189 519 229 serens,
555 198 587 221 et
619 201 750 223 errores
781 191 886 235 ipsius
912 191 1085 235 Operibus
1109 192 1216 224 admi—

81 259 162 290 stos,
186 263 204 282 a
229 249 381 289 falsariis,
406 259 438 283 ct
464 250 632 284 librorum
649 251 934 285 adulteratoribus
953 251 1141 286 Haereticis
1166 253 1213 285 in—

81 321 192 344 trusos
223 321 256 344 et
287 312 462 356 adspersos
495 312 596 345 fuisse
627 312 778 355 gnaviter
818 315 1034 348 contendens.
1081 314 1215 347 *Fertur

80 373 179 406 etiam
206 386 243 406 ex
271 373 364 406 libris
393 374 548 416 Origenis
578 374 758 407 instructus
790 376 832 408 ad
864 375 1073 421 impietatem
1105 385 1138 409 et.
1161 389 1213 408 ar-

79 444 188 468 matus
212 435 396 481 EutycheS‚
433 435 586 480 impurus
616 436 820 477 haereticus,
856 437 990 470 unicam
1016 438 1050 470 in
1075 437 1210 471 Christo

77 507 229 530 naturam
261 497 422 542 posuisse.
478 498 573 530 Adeo
613 497 744 531 diversa
784 499 937 532 homines
976 502 1019 533 de
1051 498 1210 542 Origenis

77 559 230 592 doctrina
254 559 314 592 hac
338 567 538 604 tempestate
561 560 760 594 sentiebant.

541 699 739 706 ----

290 847 599 896 SEcho
650 848 981 895 TERTIA.

69 961 94 993 l.
119 960 246 993 Rursus
271 971 288 991 e
312 957 521 991 Palaestinae
554 956 766 990 monasteriis
791 957 1024 1000 Origenismus
1049 957 1202 1000 emergit.

68 1023 114 1054 II.
140 1020 346 1063 Origenistas
371 1020 460 1064 apud
485 1019 713 1052 Justinianum
737 1029 870 1053 accusat
887 1021 1001 1067 Sabas,
1042 1019 1102 1053 ΙΙΙ.
1122 1019 1201 1053 Ori-

68 1083 252 1125 genismum
281 1082 412 1127 *passim
443 1091 603 1126 spargunt
635 1083 776 1114 Nonnus
809 1091 842 1114 et
873 1081 1053 1122 Leontius;
1086 1082 1143 1115 lV.
1168 1090 1200 1114 et

65 1145 237 1189 aliquanto
262 1153 342 1188 post
365 1143 480 1175 Nonni
505 1143 664 1187 discipuli
688 1143 892 1176 Theodorus
926 1153 959 1176 et
982 1142 1199 1175 Domitianus

66 1205 271 1248 Origenismi
303 1217 415 1237 caussa
446 1204 597 1237 crudelia
630 1205 734 1236 multa
765 1214 971 1249 perpetrant.
1027 1204 1069 1237 V.
1101 1204 1198 1236 Sara-

63 1267 173 1300 baitae
204 1267 295 1299 unde
329 1265 422 1299 dicti.
478 1266 536 1298 Vl.
574 1265 842 1308 origenistarum
873 1275 964 1308 gesta
998 1264 1198 1309 imperatori

61 1328 310 1363 renuntiaturus
341 1327 496 1361 Gelasius
529 1328 656 1359 Laurae
687 1328 898 1372 praefectus,
928 1328 970 1360 ab
1003 1326 1073 1372 ejus
1104 1326 1197 1359 aditu

63 1390 268 1424 excluditur:
309 1389 387 1422 huic
424 1389 458 1421 in
499 1388 610 1421 reditu
643 1389 806 1422 defuncto
839 1389 991 1422 succedit
1026 1387 1196 1429 Georgius

62 1452 273 1495 Origenista3
295 1450 447 1493 Georgio
475 1451 662 1491 Cassianus,
688 1451 846 1484 Cassiano
871 1451 1004 1490 Con-on,
1029 1449 1196 1490 orthodo-

61 1529 119 1548 xus
135 1514 338 1547 orthodoxo.
378 1512 590 1545 Antiochena
615 1514 774 1559 synodus.
823 1513 897 1545 Vll.
930 1512 1192 1557 Epistolam2ad

59 1577 194 1610 Menam
221 1576 377 1609 adversus
405 1575 586 1617 Origenem
618 1576 736 1607 scribit
767 1575 995 1608 Justinianus':
1017 1574 1110 1606 VIII.
1135 1585 1193 1605 cu-

58 1639 109 1685 jus
140 1637 303 1684 epistolae
327 1649 456 1670 summa
481 1646 758 1682 repraesentatur.
806 1638 864 1670 lx.
898 1635 1115 1680 Theophanis
1138 1647 1193 1667 so-

57 1699 206 1741 mnium,
239 1701 387 1733 Joannes
420 1699 634 1744 Philoponus
675 1699 879 1741 origenissat.
902 1699 934 1740 ¹)
985 1698 1030 1730 X.
1070 1696 1190 1729 Trium

59 1763 295 1807 Capitulorum
327 1773 441 1794 caussa
470 1761 642 1806 aliquanto
673 1770 752 1806 post
784 1760 940 1793 ventilari
974 1768 1096 1803 coepta
1128 1768 1188 1793 est.

57 1825 114 1858 xl.
139 1823 300 1857 Edictum
325 1824 481 1856 adversus
506 1824 569 1856 tria
595 1823 752 1868 Capitula
776 1822 970 1868 promulgat
992 1821 1189 1865 imperator,

56 1886 144 1918 unde
169 1885 343 1918 schismata
377 1886 484 1919 multa
516 1886 681 1919 oriuntur.
731 1886 810 1918 ΧΠ.
835 1881 1038 1917 Reflorescit
1069 1881 1189 1922 Orige-

56 1946 180 1980 nismus
217 1947 249 1979 in
282 1947 479 1980 Palaestina.
527 1948 684 1994 Synodus
716 1947 832 1992 quinta
857 1945 1068 1983 celebratum
1092 1942 1186 1975 thl.

57 2017 89 2039 et
117 2009 250 2042 damnat
274 2009 336 2043 tria
370 2010 537 2054 Capitula.
587 2010 675 2042 Hinc
705 2009 831 2050 magnis
862 2007 1012 2041 motibus
1047 2004 1187 2037 ecclesia

57 2072 285 2104 conturbatur.
332 2073 423 2105 XIV.
449 2072 572 2105 Utrum
603 2071 637 2104 in
670 2070 785 2116 quinta
814 2069 944 2115 synodo
970 2068 1012 2099 de
1038 2065 1185 2107 Origene

55 2140 168 2164 actum
192 2133 243 2165 sit.
290 2134 363 2167 XV.
390 2134 484 2178 Quid
516 2135 550 2167 in
583 2147 622 2167 ea
652 2135 810 2167 adversus
847 2130 1031 2172 origenem
1062 2125 1186 2161 consti—

154 2283 184 2326 ¹)
209 2282 271 2316 Ed.
297 2282 414 2317 Huetii
439 2287 557 2320 altera:
585 2288 775 2330 origeuizat.
