1413 2482
193 84 261 121 288
308 85 349 118 Iu
371 84 481 118 Aron.
506 83 645 118 SAac-n
669 82 810 116 PAmrn.
836 89 907 116 pao
935 81 1046 116 Ome.
1070 82 1217 118 Annos.

196 176 238 209 de
263 188 408 221 persona
433 173 584 208 doctoris
616 173 802 207 incurrere.
855 173 942 206 Nam
974 182 1009 206 et
1039 173 1125 207 illud
1148 173 1334 208 cavendum

197 248 263 279 est,
304 238 397 283 quod
430 236 670 282 Ampullianus
703 235 841 282 quidam
871 235 1117 270 haeresiarches
1146 236 1335 283 Bytbinius,

197 299 255 346 qui
281 300 425 333 docebat
455 308 535 345 post
560 290 743 342 Origenem
775 297 951 332 ecclesiam
979 298 1059 332 Dei.
1106 298 1173 333 Hic
1195 299 1337 333 incurrit

195 362 300 395 talem
325 361 490 407 haeresin,
515 372 554 396 ut
578 362 707 396 diceret
731 374 847 395 omnes
873 361 1072 396 criminosos
1097 375 1173 396 cum
1199 356 1336 396 diabolo

197 434 230 458 et
255 425 443 459 daemoniis
469 439 510 459 eo
536 439 642 471 usque
668 426 701 459 in
716 425 866 469 gehenna
884 424 1041 471 decoqui,
1064 438 1243 471 usquequo
1259 425 1338 471 puri

195 488 323 521 redditi
347 488 480 534 possint
503 488 582 522 inde
609 498 642 523 ct
664 488 874 522 immaculati
899 488 1030 531 egredi,
1073 488 1116 521 ad
1147 488 1214 521 hoc
1245 488 1339 534 quod

199 561 296 586 antea
320 551 454 585 fuerant
479 551 581 585 alieni
612 565 630 585 a
666 552 767 597 culpa
791 564 853 585 suo
878 551 1004 585 iterum
1028 550 1173 585 creatori
1195 549 1338 585 restitui.

196 614 282 655 Hic,
315 615 397 648 dum
421 623 620 657 argueretur
650 615 691 648 ab
717 614 876 656 ccclesia,
909 613 1025 660 coepit
1054 614 1211 660 proferre
1234 612 1339 647 libros

198 677 369 720 Origenis,
395 690 480 722 quos
505 676 577 722 ipsc
602 676 795 719 vitiaverat,
815 687 847 711 ct
872 676 1002 710 dicere:
1027 677 1134 719 Ecce,
1159 677 1237 723 quia
1261 676 1341 712 Ori-

200 753 299 782 genes
324 740 371 773 ita
395 738 509 780 sensit,
535 748 568 772 et
592 739 774 785 praecipue
800 740 834 773 in
866 749 1012 786 quatuor
1041 742 1126 787 περὶ
1150 739 1275 786 ἀρχῶν
1300 739 1341 772 Ιί-

196 803 276 836 bris.
324 803 393 836 Sed
420 802 478 848 qui
503 801 572 834 sani
597 814 711 836 sensus
737 812 796 843 est,
822 812 854 836 et
878 803 978 837 habet
1002 802 1123 836 mentis
1141 801 1340 848 splendidos

201 865 339 906 oculos,
370 864 418 898 sic
451 864 544 898 videt
574 864 689 898 addita
714 864 749 898 iu
774 864 932 908 Origenis
957 864 1130 911 opusculis
1154 865 1244 898 mala
1266 864 1340 905 ista,

199 937 300 973 atque
328 927 512 970 cognoscit,
536 927 624 961 sicut
647 928 682 961 in
706 928 855 971 stragulo
884 928 1047 962 coccineo
1078 941 1208 974 pannos
1232 928 1339 968 albos.

197 999 255 1024 aut
290 989 452 1036 cujusque
484 989 622 1023 alterius
656 990 782 1023 coloris
816 1000 931 1024 cernat
962 991 1110 1024 adsutus.
1165 990 1271 1034 Quod
1295 990 1342 1023 ita

199 1065 270 1086 esse
295 1061 428 1086 sanctus
461 1052 593 1099 Martyr
623 1051 822 1097 Pamphilus
855 1054 974 1096 docet,
1013 1053 1072 1099 qui
1096 1062 1275 1099 antequam
1299 1053 1341 1086 ad

196 1114 351 1162 martyrii
376 1127 539 1149 coronam
565 1114 762 1158 adtingeret,
786 1115 1131 1161 irreprehensibiliter
1149 1116 1340 1150 cathedram

199 1178 416 1223 episcopatus
442 1177 602 1219 obtinuit,
629 1187 661 1211 et
685 1191 797 1211 sanam
819 1179 1008 1212 doctrinam
1025 1179 1093 1212 Dei
1116 1178 1256 1224 populis
1278 1178 1343 1212 mi-

196 1240 359 1274 nistravit.
409 1239 476 1274 Hic
502 1239 609 1273 edidit
643 1241 925 1285 Apologeticum,
961 1251 995 1275 et
1019 1241 1150 1282 omnia,
1189 1254 1274 1287 quae
1299 1242 1341 1275 de

198 1303 348 1347 Origene
374 1303 543 1337 Catholici
574 1303 764 1346 ignorantes
796 1303 1024 1345 mentiuntur,
1048 1303 1206 1346 exclusit,
1231 1314 1343 1338 osten-

199 1367 281 1400 dens
307 1379 356 1406 ea,
383 1378 468 1411 quae
492 1365 773 1410 reprehensibilia
797 1365 1015 1400 inveniuntur
1037 1365 1073 1399 in
1097 1365 1168 1413 ejus
1194 1379 1342 1412 opuscu-

198 1429 251 1470 lis,
277 1428 434 1471 origenis
460 1440 529 1461 uon
554 1440 636 1469 esse,
660 1428 720 1461 sed
746 1441 876 1469 eorum,
902 1440 986 1474 quos
1014 1427 1086 1473 ipse
1109 1439 1343 1475 superaverat:

199 1491 266 1525 alia
291 1503 384 1531 vern,
413 1503 498 1535 quae
523 1500 595 1524 tota
619 1504 777 1536 perversa
801 1500 895 1531 sunt,
920 1491 1068 1525 aliorum
1094 1492 1241 1526 duorum
1264 1493 1343 1526 hae—

200 1554 388 1588 reticorum
415 1566 496 1595 esse,
521 1554 581 1599 qui
609 1553 764 1597 Origenis
788 1566 925 1595 nomen,
949 1567 1020 1587 non
1035 1554 1150 1599 fidem,
1175 1567 1238 1588 nec
1263 1568 1344 1590 cou-

201 1618 377 1651 scientiam
401 1617 626 1650 habueram«
675 1617 821 1658 Nescio,
850 1617 941 1650 unde
972 1617 1056 1650 haec
1088 1617 1236 1651 hauserit
1262 1631 1343 1651 ano-

201 1693 323 1725 nymus
348 1689 486 1721 auctor,
517 1679 577 1712 sed
611 1691 649 1713 ex
675 1679 816 1725 impuris
843 1692 880 1712 ea
903 1679 1054 1713 sontibus
1078 1678 1225 1713 hausisse
1249 1679 1344 1714 vide-

201 1752 275 1786 tur3
300 1752 333 1776 et
357 1755 497 1782 vereor,
528 1755 571 1774 ne
605 1741 664 1787 qui
688 1751 756 1775 tam
781 1742 895 1786 inepte
919 1740 1137 1786 Pamphilum
1161 1751 1342 1788 martyrem

201 1804 390 1849 episcopali
417 1804 578 1846 dignitate
604 1805 727 1843 donat,
757 1803 903 1849 ineptius
929 1803 1028 1836 etiam
1055 1804 1109 1836 rel
1134 1804 1342 1849 Apologiam

201 1867 352 1913 quinque
379 1866 473 1899 libris
499 1875 708 1900 constantem
732 1865 904 1912 Anonymi
936 1866 1048 1906 illius,
1079 1866 1121 1899 de
1152 1879 1221 1913 quo
1251 1867 1343 1900 Pho-

201 1929 266 1963 tius
290 1928 455 1962 Biblioth.
483 1929 568 1962 Cod.
596 1929 690 1970 117,,
719 1928 772 1961 vel
796 1928 912 1962 Rufini
947 1928 1070 1961 librum
1095 1929 1139 1962 de
1161 1929 1343 1963 Adultera-

200 1991 294 2026 tione
320 1992 487 2024 librorum
513 1990 670 2034 Origenis
694 2004 758 2036 pro
784 1990 855 2036 ipsa
886 1990 1058 2036 Pamphili
1090 1991 1262 2038 Apologia
1284 1991 1342 2025 ha-

199 2055 324 2089 buerit.
371 2054 523 2100 Uterque
559 2054 650 2088 enim
682 2053 787 2087 libros
819 2053 955 2098 quidem
981 2054 1136 2098 Origenis
1160 2055 1202 2088 ab
1225 2055 1342 2088 haerc-

200 2118 277 2151 ticis
302 2117 348 2151 ait
373 2130 443 2150 esse
468 2117 614 2158 vitiatos,
639 2117 698 2150 sed
722 2117 845 2150 nullibi
870 2116 1086 2161 Pamphilus;
1109 2117 1173 2150 nisi
1191 2117 1280 2150 forte
1304 2117 1340 2150 id

203 2180 325 2214 dixerit
356 2180 391 2213 in
423 2180 542 2214 ceteris
574 2179 668 2213 libris
703 2174 897 2224 temporum
931 2178 1051 2226 injuria
1086 2179 1265 2212 absumtis:
1298 2178 1340 2211 de

206 2256 273 2288 quo
300 2252 411 2275 tamen
436 2255 498 2275 nec
522 2242 701 2282 Eusebius,
726 2255 786 2275 nec
812 2242 1059 2288 Hieronymus,
1084 2254 1148 2274 nec
1171 2242 1339 2281 Socrates,

201 2317 263 2338 nec
289 2304 440 2346 Photius,
465 2317 526 2339 nec
550 2305 641 2338 ullus
667 2305 750 2338 alius
775 2305 828 2338 vel
853 2304 1033 2338 minimum
1048 2303 1172 2339 habent
1186 2302 1338 2337 verbum.
