1413 2482
190 92 257 125 212
529 90 640 123 Pam
675 90 847 123 Dameus
871 90 1004 124 Huss‘ru

196 182 370 228 profectae
398 179 650 214 lucubrationes
673 179 869 220 nonnullae,
894 180 941 213 sic
964 188 1123 226 tanquam
1148 180 1337 227 projectitii

195 244 350 281 infantes,
377 242 504 274 clarum
531 241 690 284 Origenis
714 254 841 274 nomen
865 242 928 275 sibi
955 242 1102 276 libenter
1124 243 1338 282 adsciverint,

194 317 438 349 nonnunquam
485 303 585 336 etiam
625 304 786 348 operibus
824 304 890 336 suis
927 313 1118 337 metuentes
1156 307 1338 350 scriptores

196 366 345 405 subdoli,
371 364 570 398 ementitum
598 365 687 398 hunc
710 375 944 409 praetexentes
968 365 1118 407 titulum,
1146 367 1339 400 Adamantii

196 431 319 462 famam
346 427 452 460 veluti
477 428 569 460 furto
601 427 849 472 subripuerint3
880 428 1095 474 bibliopolae
1129 428 1229 461 etiam
1252 441 1341 461 mer-

198 491 292 523 cibus
317 489 383 522 suis
415 488 628 522 venditandis
661 498 829 522 emtorem
863 489 1028 532 hiantem,
1062 491 1174 523 fucata
1206 490 1267 523 hac
1290 490 1341 522 in—

198 552 385 597 scriptione
417 551 621 584 induxerint.
669 551 738 584 Has
763 551 901 596 quidem
934 553 979 585 ob
1005 565 1133 585 caussas
1158 552 1340 597 aliquando

200 613 381 657 contigisse
408 626 504 652 reor,
528 622 565 645 ut
590 612 623 645 in
650 612 805 655 Origenis
830 613 996 647 familiam
1020 614 1126 659 spurii
1150 612 1343 647 transierint

199 677 294 719 libri;
327 689 363 708 ac
389 675 600 720 frequentius
625 675 725 708 etiam
750 675 840 708 idem
868 675 1015 708 evenisse
1047 685 1131 721 puto
1158 675 1211 709 vel
1238 688 1275 708 ex
1302 675 1344 707 li-

200 739 390 771 brariorum
417 737 608 775 oscitantia,
642 738 779 770 nomina
812 738 1007 770 nominibus
1040 738 1342 777 commutantium3

200 801 254 833 vel
281 813 318 832 ex
347 799 553 832 Criticorum
584 800 741 839 audacia,
774 792 906 844 'quidvis
940 800 1003 832 sibi
1037 800 1139 832 licere
1170 799 1205 832 in
1235 798 1342 832 literis

199 861 402 907 putantium.
452 861 527 893 Huc
560 861 716 900 accessit,
753 862 844 906 quod
882 862 1044 906 plurimas
1076 861 1232 903 Origenis
1261 861 1343 894 scri-

199 924 333 968 ptiones
365 922 515 954 studiose
550 923 763 956 abolentibus
795 922 900 967 ipsius
933 923 1130 956 adversariis
1162 933 1195 956 et
1227 923 1343 955 desen-

200 985 352 1026 soribus;
383 984 432 1016 his
458 984 615 1029 quidem,
648 994 684 1016 ut
710 984 781 1030 ejus
807 997 955 1026 errores3
992 985 1078 1024 illis,
1110 994 1147 1017 ut
1172 985 1344 1030 praeclara

201 1047 271 1093 ejus
298 1059 401 1091 opera
425 1045 590 1078 invidiose
616 1045 782 1086 celarent3
812 1046 936 1079 multas
966 1047 1038 1078 vice
1064 1059 1156 1079 versa
1189 1047 1345 1079 lucubra-

202 1110 312 1142 tiones
336 1108 474 1152 utrique
505 1107 643 1153 paribus
669 1108 710 1139 de
744 1109 865 1141 caussis
897 1108 1026 1140 nomini
1052 1108 1158 1153 ipsius
1183 1107 1344 1141 subdide-

201 1180 289 1204 runt.
347 1171 419 1202 Nos
459 1183 541 1202 vero
583 1180 765 1215 postquam
810 1169 1095 1212 Origenianorum
1137 1170 1343 1215 scriptorum

201 1245 339 1265 examen
364 1232 470 1264 semel
494 1233 722 1276 suscepimus,
747 1232 788 1263 ad
814 1241 964 1264 nostram
990 1232 1161 1276 pertinere
1187 1231 1343 1264 duximus

202 1308 335 1333 curam,
369 1307 448 1326 suos
474 1294 505 1325 ei
529 1294 617 1326 fetus
641 1293 812 1336 legitimos
837 1294 1031 1330 restituere.
1065 1293 1157 1338 quod
1182 1293 1342 1326 hactenus

200 1357 361 1397 fecimus3
384 1355 622 1401 supposititios
647 1368 728 1388 vero
747 1369 785 1388 ex
811 1355 880 1401 ejus
894 1355 1023 1388 familia
1039 1367 1223 1397 segregare,
1248 1355 1342 1400 quod

204 1418 402 1464 Appendice
428 1418 489 1450 ista
514 1418 636 1450 facturi
661 1430 785 1450 sumus.

292 1482 334 1513 II.
375 1480 412 1512 ln
448 1479 548 1512 latina
577 1479 734 1522 origenis
768 1478 919 1511 editione
951 1478 1077 1522 duplex
1108 1491 1210 1521 genus
1238 1478 1341 1511 Com-

200 1542 444 1575 mentariorum
481 1541 516 1573 in
557 1541 682 1573 librum
719 1542 787 1573 Job
823 1540 1003 1585 reperitur.
1062 1540 1162 1573 Prius
1203 1540 1237 1572 in
1274 1550 1341 1573 tres

201 1604 384 1637 discretum
411 1612 460 1635 est
486 1603 603 1642 libros,
628 1612 662 1635 et
687 1601 895 1647 duo'priora
920 1601 998 1634 Jobi
1024 1601 1132 1646 capita
1158 1614 1234 1633 cum
1251 1602 1343 1634 tertii

200 1666 361 1710 portione
398 1656 656 1709 complectitur,
694 1665 735 1696 ab
772 1665 902 1697 incerto
941 1663 1126 1708 interprete
1161 1663 1341 1695 Latinitate

200 1728 390 1760 redditum:
430 1727 600 1772 posterius
631 1735 743 1759 totum
776 1725 993 1771 persequitur
1015 1724 1096 1757 Jobi
1130 1724 1273 1765 librum,
1307 1734 1340 1757 et

200 1789 359 1821 brevibus
386 1788 704 1827 commentariolis,
731 1788 896 1833 (Scholia
920 1800 1030 1832 prope
1055 1786 1210 1829 dixeris,)
1238 1799 1341 1831 expo-

198 1852 258 1890 nit,
284 1860 316 1883 et
331 1851 547 1883 Joachimum
564 1850 759 1882 Perionium
785 1850 1006 1894 interpretem
1025 1850 1136 1881 habet.
1175 1848 1339 1893 Spurium

198 1922 383 1957 utrumque
418 1925 522 1956 opus,
557 1921 589 1943 et
619 1912 868 1943 emendicatum
902 1909 1057 1951 Origenis
1089 1923 1214 1942 nomen
1250 1910 1336 1942 falso

197 1974 332 2019 jactans.
391 1972 519 2006 Prioris
559 1981 648 2004 certe
689 1972 784 2004 stilus
820 1971 1016 2014 Origeniani
1057 1971 1229 2004 dissimilis
1270 1981 1337 2013 est;

197 2037 315 2069 creber
350 2035 477 2080 quippe
514 2034 592 2066 artis
629 2033 797 2066 oratoriae
832 2033 961 2075 figuris3
1001 2032 1115 2077 quales
1151 2033 1186 2065 in
1217 2033 1336 2065 Tomis

194 2097 306 2130 nullas
329 2096 478 2130 admittit
495 2095 670 2137 Origenes,
695 2108 763 2127 non
788 2095 910 2127 multas
936 2094 968 2126 in
987 2094 1160 2127 Homiliis.
1199 2094 1337 2127 Discre-

196 2169 255 2203 pat
279 2171 416 2204 quoque
447 2157 639 2190 sententiis:
671 2169 748 2189 nam
776 2156 850 2194 libr.
870 2157 910 2189 ll.
962 2155 1134 2189 Christum
1167 2155 1215 2188 ait
1238 2169 1335 2201 prae-

194 2221 321 2254 dicasse
355 2221 460 2253 tribus
490 2219 584 2252 annis
617 2228 649 2251 et
682 2218 843 2258 dimidi0;
881 2232 956 2251 cum
982 2218 1147 2260 Origenes
1171 2218 1248 2252 libr.
1274 2219 1330 2250 IV.

192 2287 275 2328 περὶ
301 2283 436 2329 ἀρχῶν,
461 2296 532 2326 cap.
558 2283 586 2317 1.
613 2295 703 2314 num.
723 2281 765 2315 5..
794 2289 824 2312 et
850 2279 977 2312 Homil.
998 2279 1050 2314 32.
1076 2280 1109 2312 in
1135 2280 1214 2312 Luc.
1241 2292 1328 2312 anno
