1413 2482
165 80 233 116 208
507 79 620 112 Pssrm
644 78 818 111 DANmus
842 77 975 112 Hun'ru

165 183 254 204 nunc
275 167 515 207 Λουκιᾶνειος
540 167 681 209 dicitur;
706 167 807 200 aliam
833 168 1045 212 septuaginta
1068 167 1306 214 interpretum,

166 245 250 278 qnae
276 241 309 264 et
333 231 366 263 in
389 228 579 270 Ἑξαπλοῖς
604 229 789 263 Codicibus
822 229 1008 274 reperitur,
1041 239 1074 263 et
1097 243 1116 264 a
1146 231 1246 264 nobis
1270 232 1305 264 in

166 294 318 328 Latinum
350 305 543 325 sermonem
573 291 722 324 fideliter
755 304 849 323 versa
882 300 947 333 est,
980 301 1013 324 et
1036 291 1305 340 Hierosolymae,

165 366 264 400 atque
289 355 322 387 in
349 354 499 387 Orientis
524 353 674 387 ecclesiis
701 354 930 386 decantatum(

252 416 358 458 Igitur
383 415 581 460 quintuplex
604 425 685 460 post
708 414 792 447 hauc
812 424 956 447 aetatem
973 416 1184 460 septuaginta
1203 415 1305 450 inter-

164 489 298 524 pretum
323 477 429 510 editio
455 477 567 510 habita
592 486 658 518 est;
684 476 827 519 Vulgata
853 486 969 518 vetus,
993 477 1210 520 Origeniana,
1233 478 1306 511 Eu-

164 541 316 580 sebiana,
349 539 406 572 illa
439 538 597 579 Luciani,
630 548 663 571 et
695 539 812 584 quinta
845 540 984 572 demum
1017 539 1187 586 Hesychii.
1236 540 1306 574 Sed

164 602 322 648 quoniam
355 614 393 634 ex
418 600 578 645 Hexaplis
613 601 770 645 profecta
803 611 873 634 erat
904 601 1112 642 Eusebiana,
1145 615 1208 646 pro
1240 614 1307 634 una

163 665 349 708 eademque
385 671 528 707 utraque
563 662 679 696 habita
715 671 783 705 est..
833 662 931 707 Quae
969 677 1049 696 vero
1086 665 1148 707 τῆς
1182 667 1307 707 κοινῆς

164 725 368 770 exemplaria
391 735 607 769 supererant,
640 725 674 757 in
706 724 938 758 studiosorum
971 725 1189 759 bibliothecis
1220 726 1306 759 deli-

164 788 345 820 tescebant.
395 789 505 831 Atque
531 786 577 819 ita
607 787 686 819 licet
719 786 868 831 quinque
900 800 1016 824 revera
1050 797 1216 821 exstarent
1239 789 1304 821 hoc

165 860 320 894 tempore
347 848 530 887 editiones,
561 848 663 880 trium
689 848 850 881 duntaxat
885 862 962 881 usus
987 859 1058 882 erat
1081 850 1116 882 in
1141 850 1302 887 ecclesiis.

166 909 390 944 »Alexandria
415 918 448 941 et
477 912 663 955 AegyptuS,
692 909 804 955 inquit
827 910 1072 956 Hieronymus,
1104 911 1137 944 in
1162 912 1305 956 Septua-

163 975 252 1016 ginta
276 972 343 1005 suis
368 972 574 1018 Hesychium
601 972 716 1004 laudat
751 981 940 1005 auctorem.
988 973 1304 1018 Constantinopolis

165 1047 268 1079 usque
307 1033 524 1066 Antiochiam
560 1033 700 1065 Luciani
740 1033 893 1079 martyris
930 1035 1134 1079 exemplaria
1168 1036 1303 1080 probat.

164 1097 298 1131 Mediae
330 1095 420 1128 inter
451 1095 508 1127 has
538 1094 735 1140 provinciae
761 1095 970 1128 Palaestinos
996 1095 1142 1129 Codices
1171 1097 1304 1139 legunt;

164 1172 250 1204 quos
274 1159 315 1190 ab
341 1157 488 1199 Origene
514 1158 706 1190 elaboratos
723 1157 890 1190 Eusebius
915 1167 949 1190 et
965 1157 1165 1203 Pamphilus
1191 1159 1304 1202 vulga-

165 1230 300 1253 verunt:
346 1229 506 1264 totusque
548 1219 640 1252 orbis
680 1219 741 1252 hac
775 1218 864 1252 inter
902 1228 936 1252 te
976 1219 1105 1253 trifaria
1142 1222 1303 1255 varietate

166 1291 382 1328 compugnat.
393 1298 410 1312 «

253 1345 297 1378 X.
331 1344 490 1378 Ceterum
508 1345 578 1375 veri
602 1343 685 1375 mihi
710 1343 844 1376 videtur
867 1343 1091 1384 simillimum,
1116 1345 1302 1378 Luciauum

162 1408 292 1452 ipsum,
318 1415 352 1438 et
375 1405 601 1452 Hesycffium,
635 1418 712 1438 cum
738 1404 867 1448 κοινήν
892 1407 1137 1447 emendabant,
1161 1417 1198 1440 ut
1223 1407 1302 1442 Ori-

163 1469 254 1512 genis
278 1468 495 1501 imitabantur
519 1467 686 1507 studium,
718 1467 764 1500 ita
794 1467 1038 1500 emendationis
1062 1468 1229 1502 rationem
1253 1479 1302 1502 te-

162 1532 290 1571 nuisse,
327 1540 360 1563 et
390 1529 496 1563 obelis
533 1542 571 1562 ac
602 1529 767 1562 asteriscis
799 1527 928 1572 κοινήν
960 1529 1166 1571 distinxisse,
1203 1531 1301 1576 eique

163 1592 413 1626 Theodotionis
450 1591 586 1624 lacinias
624 1590 774 1624 assuisse.
834 1590 921 1624 Cum
959 1591 1047 1624 enim
1086 1602 1216 1625 certum
1247 1592 1301 1633 sit,

165 1657 354 1700 Aegyptum
379 1667 417 1686 ac
441 1653 582 1699 S)riam‘
598 1652 758 1699 Hesychii
786 1662 819 1685 et
836 1653 975 1686 Luciani
1000 1653 1207 1687 editionibus
1231 1667 1301 1688 esse

162 1727 255 1758 usas3
284 1729 345 1748 nec
369 1715 480 1748 minus
505 1725 636 1747 certum
661 1715 720 1754 sit,
753 1727 837 1760 quae
862 1714 902 1747 iis
927 1714 961 1747 in
985 1715 1179 1757 regionibus
1203 1729 1300 1748 usur-

162 1779 328 1822 pabantur
364 1777 530 1810 editiones
567 1779 640 1811 τῶν
670 1775 938 1820 ἑβδομήκοντα,
979 1777 1089 1810 obelis
1129 1777 1231 1810 fuisse
1267 1789 1301 1810 et

162 1838 327 1872 asteriscis
351 1839 503 1881 signatas,
528 1839 627 1883 plane
652 1838 729 1871 hinc
755 1838 902 1871 efficitur
918 1839 1076 1884 Hesychii
1101 1848 1134 1871 et
1159 1838 1299 1872 Luciani

163 1900 328 1934 editiones
359 1910 490 1933 notatas
523 1899 623 1932 fuisse
658 1900 765 1932 obelis
791 1909 823 1934 et
849 1899 1023 1934 asteriscis.
1070 1899 1299 1946 Hieronymus

162 1963 196 1996 in
231 1962 417 1995 Prooemio
457 1961 647 1994 Commeat.
679 1962 814 1995 Daniel.
859 1961 956 1994 »Sed
992 1970 1024 1994 et
1055 1961 1219 2004 Origenes
1255 1963 1298 1995 de

163 2023 411 2057 Theodotionis
436 2035 539 2066 opere
565 2022 598 2054 in
623 2023 773 2055 editione
798 2022 940 2064 Vulgata
972 2022 1147 2056 asteriscos
1165 2023 1297 2068 posuit,

163 2087 288 2118 docens
324 2084 468 2118 defuisse
507 2097 592 2129 quae
633 2084 745 2117 addita
780 2093 874 2124 sunt;
914 2093 946 2116 et
978 2098 1091 2118 rursus
1131 2085 1297 2129 quosdam

164 2161 276 2180 versus
308 2147 416 2180 obelis
451 2146 678 2191 praenotavit,
720 2146 888 2190 superflua
925 2159 1078 2191 quaeque
1111 2145 1295 2188 designans.

163 2210 318 2254 Cumque
344 2221 460 2242 omnes
486 2207 611 2242 Christi
636 2208 814 2248 ecclesiae,
850 2217 916 2240 tam
943 2208 1171 2248 Graecorum,
1195 2220 1294 2253 quam

162 2270 378 2311 Latinorum,
427 2271 677 2318 Syrorumque,
723 2280 756 2303 et
797 2269 1060 2316 Acgyptiorum,
1106 2269 1191 2302 hanc
1232 2268 1294 2301 sub
