1422 2472
357 84 668 115 otum-:MANORUM
697 79 812 111 Lim-:u
837 77 871 110 11
1146 76 1187 110 17

47 171 186 203 lustravi
218 170 422 203 monasteria
453 169 603 210 Nitriae,
648 177 681 200 et
717 167 804 200 inter
833 175 1024 199 sanctorum
1051 166 1185 205 choros,

47 232 180 276 aspides
206 234 308 265 latere
336 231 523 276 perspexi«

138 294 228 327 Vlll.
275 294 323 325 Ex
348 293 414 325 hoc
438 293 639 331 haereseon,
664 302 697 324 et
723 291 980 325 Haereticorum
1005 289 1184 323 seminario

48 354 257 396 origenistae
296 354 507 387 Heterodoxi
552 353 759 387 exstiterunt.
818 355 938 386 Narrat
976 351 1185 396 Epiphanius

49 416 148 448 Haer.
173 416 227 450 64.
254 429 325 460 cap.
349 416 397 453 4.,
423 415 456 447 in
484 418 637 461 Aegypto
670 415 818 459 primum
850 422 1072 458 propagatum
1107 412 1187 446 Ori-

48 477 235 518 genismum
260 477 348 521 apud
363 476 547 522 Aegyptios
571 477 757 508 monachos
774 488 836 508 suo
850 484 1005 519 tempore
1022 474 1185 507 floruisse.

51 540 99 570 Ac
123 538 272 582 primum
305 538 453 571 Melania
484 537 615 577 senior,
650 537 777 569 nobilis
802 535 945 575 femina,
978 548 1054 567 cum
1079 535 1189 580 patria

51 599 167 632 relicta
192 599 464 645 Hierosolymam
489 599 624 644 pietatis
651 611 746 631 causa
772 598 993 636 concederet,
1023 597 1111 628 facta
1136 596 1187 628 in-

50 671 101 693 ter
133 660 260 693 Nitriae
297 662 482 693 monachos
518 660 683 693 mensium
717 661 849 705 aliquot
872 671 987 697 mora,
1023 657 1187 702 aditoque

50 722 211 768 Didyme,
237 721 450 764 Origenianis
475 722 548 754 illic
572 721 742 754 erroribus
774 734 840 753 una
874 733 950 753 cum
975 719 1100 751 Rufino
1133 719 1189 752 iti-

50 783 138 815 neris
163 783 287 816 comite
312 783 436 816 insecta
463 790 521 818 est.
570 782 724 825 Contigit
740 782 827 814 illud
843 781 930 814 circa
950 793 1074 813 annum
1092 781 1189 814 Clari—

50 845 90 877 sti
114 844 191 879 372.
241 844 320 888 Quo
347 854 502 890 tempore
529 844 628 889 epist.
655 844 749 876 dedit
775 844 816 875 ad
844 842 1004 876 Rufinum
1021 842 1189 889 Hierony-

51 907 182 950 mus,¹)
222 919 285 950 qua
318 908 359 939 ad
391 920 426 939 se
459 907 492 939 in
525 906 656 952 Syriam
689 914 726 938 ut
759 904 887 944 veniat,
919 904 1025 936 amice
1057 904 1188 939 invitat.

51 968 234 1012 Postquam
259 977 370 1002 autem
402 968 662 1013 Hierosolymae
693 967 839 999 fixerunt
869 966 1001 1005 sedem,
1032 966 1188 1000 fovendis

51 1029 245 1074 peregrinis,
270 1039 303 1062 et
326 1031 426 1062 rebus
459 1029 725 1063 Christianorum
757 1027 907 1073 juvandis
939 1040 1021 1072 opes
1046 1037 1079 1061 et
1105 1042 1188 1073 ope—

52 1105 121 1124 ram
147 1101 400 1136 consumentes,
435 1100 640 1135 exceperunt
671 1089 853 1130 Evagrium
884 1088 1066 1122 Ponticum
1099 1090 1189 1123 Con-

53 1152 274 1196 stantinopoli
318 1162 424 1184 certas
469 1153 513 1184 ob
559 1164 687 1184 caussas
728 1151 976 1189 discedentem,
1017 1150 1188 1195 ipsiusque

5 1235 9 1239 ·
53 1214 165 1246 animo
207 1213 336 1258 primos
372 1212 547 1245 Nitriensis
581 1211 787 1254 Origenismi
818 1221 907 1243 satus
939 1212 1188 1255 adsperserunt.

55 1277 102 1308 lta
128 1274 298 1307 institutus
322 1274 506 1315 Evagrius,
539 1283 571 1306 et
597 1287 612 1305 a
639 1274 786 1306 Melania
818 1282 909 1305 veste
942 1272 1126 1305 monastica
1150 1287 1189 1307 ex

53 1347 133 1369 voto
158 1336 310 1375 indutus,
346 1335 379 1367 in
405 1339 594 1381 Aegyptum
621 1335 723 1375 abiit,
760 1344 793 1366 et
817 1343 996 1378 postquam
1024 1347 1099 1366 cum
1125 1335 1187 1367 Di-

54 1401 155 1444 dymo
181 1411 374 1439 congressus
400 1407 464 1436 est,
489 1397 523 1428 in
548 1397 675 1430 Nitriae
707 1397 841 1428 tandem
875 1395 1088 1428 monasteriis
1117 1409 1190 1429 sese

53 1460 201 1498 abdidit,
235 1468 267 1492 et
297 1460 385 1491 inter
407 1459 566 1490 florentes
599 1458 670 1490 illic
696 1457 903 1499 Origenistas
934 1469 1059 1489 nomen
1085 1457 1189 1492 dedit.

55 1526 184 1555 Auctor
207 1530 255 1553 est
275 1521 503 1567 Hieronymus
526 1519 559 1551 in
583 1520 679 1564 epist.
704 1520 745 1552 ad
765 1518 1032 1563 Ctesiphontem,
1057 1531 1128 1564 cap,
1146 1519 1189 1562 2,

53 1582 221 1628 scripsisse
246 1581 343 1613 illum
377 1582 419 1614 ad
444 1581 604 1623 virgines,
636 1582 678 1613 ad
698 1581 905 1620 monachos,
945 1589 977 1612 et
1011 1581 1072 1613 »ad
1105 1594 1189 1621 eam,

55 1645 148 1689 eujus
172 1656 296 1676 nomen
321 1642 502 1684 nigredinis
534 1651 674 1674 testatur
698 1641 862 1686 perfidiae
889 1643 1069 1674 tenebras«
1099 1643 1190 1687 (Me-

55 1706 174 1738 laniam
208 1705 376 1737 seniorem
409 1704 602 1747 intellige),
644 1712 677 1735 et
715 1703 857 1735 edidisse
894 1703 1031 1747 insuper
1066 1705 1189 1737 librum

54 1771 137 1812 περὶ
160 1766 352 1806 ἀπαθείας,
378 1779 445 1810 quo
472 1765 599 1807 insigne
626 1765 782 1806 Origenis
814 1765 936 1806 dogma
969 1778 1069 1809 supra
1094 1778 1111 1798 a
1136 1779 1190 1798 me

56 1828 255 1862 ventilatum
282 1827 538 1867 continebatur3
571 1827 675 1859 libros
702 1839 782 1857 vero
809 1825 913 1869 ipsius
938 1839 955 1858 a
981 1826 1104 1858 Rufino
1130 1827 1190 1859 La-

55 1891 123 1923 tine
147 1890 386 1934 interpretatos
418 1888 641 1922 Occidentem
675 1887 851 1919 lectitasse.
899 1887 1044 1931 Appulit
1069 1888 1191 1921 eodem

56 1952 187 1996 aliquot
211 1960 288 1995 post
311 1949 404 1982 annis
428 1949 598 1982 Palladius
624 1950 755 1988 Galata,
781 1959 813 1981 et
836 1948 981 1981 triennio
1008 1948 1042 1981 in
1067 1959 1191 1982 ascete-

59 2014 114 2044 riis
138 2021 316 2048 transacto,
344 2011 559 2053 Origenismo
584 2011 754 2050 imbutus,
793 2023 869 2042 cum
902 2010 1094 2043 valetudine
1119 2020 1191 2043 ten-

59 2082 201 2113 taretur,
232 2072 265 2105 in
291 2073 514 2105 Palaestinam
549 2073 702 2111 secessit,
739 2082 772 2104 et
796 2072 949 2104 haustum
974 2071 1007 2104 in
1032 2074 1190 2117 Aegypto

60 2134 263 2174 origenismi
294 2134 383 2166 virus
417 2134 541 2178 passim
572 2134 737 2178 profudit.
786 2134 950 2166 Florebat
981 2143 1058 2166 tunc
1084 2133 1117 2165 in
1142 2132 1190 2164 lais

158 2261 189 2303 ¹)
215 2260 283 2293 Cfr.
309 2260 509 2308 Hieronymi
537 2262 634 2306 epist.
658 2262 712 2296 41.
737 2262 778 2293 ad
805 2262 975 2294 Rufinum.

107 2322 282 2354 Ontssssms
304 2321 441 2354 Opem.
467 2322 704 2355 Tom.XXlV.
971 2320 992 2354 2
