1422 2472
377 105 689 136 Onmnxmuonum
714 103 828 136 Lmen
855 103 897 135 11.
1153 103 1196 136 15

62 190 214 234 diligens,
239 192 300 226 hos
324 193 412 226 inter
435 193 565 226 medius
589 192 726 233 incedit,
752 202 784 225 et
807 193 897 225 viros
922 191 1011 230 illos,
1037 191 1093 236 qni
1119 191 1197 224 Ori-

61 253 201 294 genismi
225 254 363 287 nomine
388 255 532 288 traducti
557 264 643 293 sunt,
676 255 831 297 dogmata
864 254 1011 299 primurn
1039 252 1197 294 Origenis

63 314 264 355 defendisse,
289 316 412 349 deinde
438 330 517 349 vcro
543 317 737 361 repudiasse
758 316 943 362 conjectat:
970 314 1073 359 quod,
1099 313 1125 346 si
1150 313 1196 345 ita

63 386 159 415 esset,
183 378 224 409 ab
249 378 399 417 illorum,
427 379 479 410 vel
504 379 717 423 sequentium
744 388 939 422 temporum
963 376 1198 421 scriptoribus,

65 438 176 475 omnia
207 439 363 472 adversus
395 440 598 481 Origenern,
639 441 691 472 vel
726 453 788 484 pro
825 439 972 480 Origene
1003 446 1197 480 argumenta

63 500 214 532 studiose
239 502 486 542 colligentibus,
511 502 651 533 minime
675 514 752 533 sane
779 501 895 533 fuisset
912 500 1200 544 praetermissum.

66 561 227 605 Superest
252 562 361 603 igitur,
387 573 423 595 ut
449 563 598 595 dicamus
616 562 823 604 Origenistas
847 562 947 594 fuisse
973 562 1119 605 duplicis
1141 574 1199 603 ge-

66 622 172 662 neris,
203 623 439 664 Orthodoxos‚
471 635 504 658 et
534 626 795 665 Heterodoxos3
833 633 865 656 et
895 624 1100 656 invidiosum
1134 624 1199 655 hoc

65 696 189 716 nomen
214 686 329 718 multis
352 687 543 727 immerito,
566 687 722 731 pluribus
748 686 847 718 etiam
874 685 944 731 jure
969 685 1070 717 fuisse
1094 685 1201 718 tribu-

69 754 153 778 tum.
185 746 306 780 Fidem
334 748 488 793 opinioni
509 758 647 795 vnostrae
673 747 800 780 faciunt
824 748 900 780 hinc
926 748 1054 780 Graeca
1080 748 1202 780 Meno—

68 807 167 849 logia,
191 822 276 853 quae
302 811 483 843 nonnullos
517 823 554 842 ex
580 810 778 852 Origenistis
810 810 843 842 in
869 819 1061 842 sanctorum
1086 809 1201 841 album

69 871 230 910 referunt,
255 881 287 904 et
311 881 459 916 spectata
484 872 719 916 Chrysostomi
746 872 849 904 virtus
866 885 903 904 ac
924 872 1042 916 pietas,
1068 871 1125 916 qui
1144 884 1204 903 eos

69 932 114 964 ita
140 942 264 966 tutatus
288 943 347 972 est,
371 943 408 965 ut
433 934 574 966 eandem
599 947 735 978 quoque
748 933 812 966 sibi
829 934 1096 978 appellationem
1122 946 1204 965 con-

69 993 243 1036 scisceret3
267 995 345 1027 inde
370 995 570 1042 Hieronymi
595 1005 628 1028 et
651 995 832 1040 Epiphanii
860 996 1011 1040 partibus
1034 995 1101 1027 illis
1126 995 1205 1027 hae-

71 1069 183 1090 reseos
220 1067 337 1089 notam
375 1057 625 1101 imponentium
663 1059 866 1091 testificatio.
937 1059 1099 1091 Profecto
1134 1071 1205 1090 non

71 1132 172 1151 unam
197 1119 298 1151 fuisse
324 1118 589 1160 Origenistarum
623 1120 775 1152 omnium
802 1120 1010 1160 doctrinam,
1045 1133 1106 1152 nec
1131 1133 1206 1151 eos-

75 1181 152 1212 dem
177 1193 289 1213 mores
312 1180 389 1212 satis
414 1193 451 1212 ex
476 1180 670 1224 Epiphanio
697 1181 872 1220 evincitur,
896 1181 952 1225 qui
978 1181 1076 1213 Haer.
1093 1181 1146 1215 63.
1172 1191 1205 1213 et

73 1243 126 1277 64.
152 1242 323 1281 geminum
348 1241 488 1273 illorum
513 1242 663 1283 agnoscit
685 1255 805 1284 genus:
829 1242 862 1274 in
889 1256 956 1287 quo
975 1243 1054 1275 licet
1079 1243 1207 1275 incerta

73 1303 276 1348 prodiderit,
302 1312 333 1335 et
358 1313 436 1348 post
459 1303 568 1346 ipsum
596 1304 819 1346 Augustinus,
843 1305 1066 1349 multiplicem
1093 1314 1207 1337 tamen

74 1365 252 1398 hominum
283 1365 422 1398 illorum
459 1365 561 1397 [uisse
591 1375 716 1398 sectam
752 1378 789 1397 ex
822 1378 862 1398 eo
900 1367 1115 1410 perspicuum
1148 1377 1208 1401 est.

75 1429 168 1460 Inter
185 1441 242 1460 eos
256 1437 294 1459 ut
316 1427 538 1468 integerrimis
561 1427 718 1459 nonnulli
732 1428 867 1460 suerunt
889 1427 1051 1468 moribus,
1076 1429 1120 1461 ita
1136 1430 1207 1461 soe-

78 1491 154 1522 dam
181 1489 358 1522 libidinem
387 1498 418 1521 et
444 1489 655 1522 onanismum
681 1490 813 1534 aliquos
838 1491 1022 1522 exercuisse
1047 1492 1207 1523 referenti

75 1551 269 1596 Epiphanio
295 1551 393 1583 facile
419 1551 539 1591 credo,
576 1551 738 1596 quicquid
772 1552 979 1585 contradicat
1013 1553 1207 1585 Halloxius:

76 1628 114 1646 ex
140 1625 250 1658 eoque
274 1613 456 1644 adductum
481 1613 636 1657 suspicor
666 1613 910 1658 Epiphanium,
941 1624 980 1646 ut
1012 1628 1088 1647 cum
1113 1628 1208 1659 prae-

75 1685 165 1708 terea
189 1687 258 1707 non
283 1675 400 1707 eadem
422 1675 546 1706 sentire
565 1674 770 1716 origenistas
793 1688 909 1707 ornnes
935 1676 1127 1716 inaudisse«,
1146 1691 1207 1721 pu-

76 1746 161 1770 taret
186 1746 284 1780 turpe
309 1736 395 1768 illud
421 1736 563 1777 factum,
604 1737 696 1781 quod
733 1750 866 1768 morum
899 1747 968 1770 erat
994 1738 1122 1778 vitium,
1148 1740 1208 1771 do-

79 1799 203 1832 ctrinae
228 1811 377 1830 errorem
402 1798 524 1838 fuisse,
563 1808 664 1843 atque
698 1799 742 1830 ita
775 1799 949 1843 duplicem
980 1810 1102 1833 sectam
1129 1814 1210 1833 con-

77 1859 260 1894 stitueret-¹
287 1860 333 1892 Ut
358 1860 432 1892 miti
456 1860 612 1904 plerique
637 1861 772 1893 suerunt
804 1861 958 1903 ingenio,
992 1862 1036 1894 ita
1069 1872 1209 1895 conten-

79 1922 158 1955 tiosi
181 1922 256 1961 alii,
286 1921 491 1962 resi-actarii,
524 1931 556 1953 et
583 1921 766 1963 cervicosi3
801 1923 892 1954 velut
924 1923 981 1967 qui
1013 1924 1209 1969 Theophito

78 1983 304 2016 Alexandrino
337 1983 483 2027 praesuli
521 1984 687 2016 violentas
717 1997 825 2028 prope
863 1998 980 2017 manus
1013 1985 1212 2024 intulerunt,

82 2054 120 2076 ut
142 2045 308 2078 dicemus:
343 2046 473 2078 dicaces
504 2046 560 2078 alii
594 2055 626 2078 et
651 2046 856 2089 petulantes,
882 2046 1030 2079 dicteriis
1053 2060 1153 2091 saepe
1179 2057 1211 2079 et

84 2107 295 2139 contumeliis
333 2107 529 2139 catholicos
554 2107 778 2147 lacessebant;
817 2108 910 2140 velut
947 2108 980 2139 in
1019 2121 1079 2147 eo,
1119 2109 1211 2152 quod

83 2179 270 2205 narramus,
314 2168 468 2208 dissidio,
510 2168 704 2201 Catholicos
753 2170 970 2214 appellabant
1015 2169 1213 2209 pelusiotas,

86 2228 177 2272 quud
210 2237 366 2272 tanquam
394 2230 465 2262 luto
491 2230 659 2271 immersi,
697 2242 728 2264 et
766 2232 856 2264 curvi
884 2233 915 2263 in
948 2240 1050 2262 terras
1073 2243 1110 2262 ac
1138 2244 1213 2263 coe-

86 2287 217 2320 lestium
250 2288 363 2320 inam-s
395 2300 521 2331 essent,
559 2293 601 2324 ad
626 2306 744 2326 vocem
772 2295 902 2335 πῆλος,
937 2301 968 2323 (·ῑ
994 2305 1117 2324 nomen
1151 2293 1213 2325 Pe-
