1422 2472
363 94 675 125 Umessmaxonum
706 90 819 122 Lmen
846 89 906 121 111.
1137 85 1201 120 165

67 179 206 214 Catenas
231 193 292 222 ego
319 189 349 212 et
376 181 611 214 Combcsisius.
662 181 698 212 ln
726 179 864 211 vetustis
890 176 1073 210 Codicibus
1097 188 1201 207 manu

65 242 204 274 exaratis
228 241 359 274 'somus
382 243 579 275 undecimus
606 255 680 274 cum
715 256 768 273 sex
798 240 949 284 proxime
980 236 1198 282 sequentibus

64 303 240 346 reperitur.
289 302 407 336 Codex
433 303 737 344 Ladenburgcnsis,
762 314 829 346 quo
855 314 932 333 usus
958 309 1007 332 est
1029 299 1198 336 Erasmus,

63 377 79 396 a
106 365 226 397 Matth.
261 364 319 404 13,
353 364 407 399 36.
444 364 695 409 auspicabatur,
728 363 1013 408 quemadmodum
1045 369 1079 392 et
1112 359 1199 392 Hol-

62 425 219 458 miensis:
254 425 375 467 Regius
407 425 521 470 priore
551 425 724 457 undecimi
756 425 858 458 Tomi
890 433 985 468 parte
1015 422 1198 454 mulctatus

63 495 120 519 est.
172 487 207 518 ln
243 485 406 527 Catalogo
442 486 606 518 librorum
640 486 744 519 Ducis
777 486 937 518 Bavariae
969 492 1106 516 notatur
1129 482 1199 514 To—

62 561 136 580 mus
159 547 358 579 undecimus
388 547 485 579 initio
512 561 647 592 quoque
672 548 827 586 mutilus,
862 560 937 579 cum
971 545 1123 590 proxime
1148 556 1200 576 se-

63 609 240 653 quentibus
273 608 433 652 quinque.
491 608 648 641 Erasmus
681 610 714 641 in
746 608 888 652 epistola
913 608 953 640 ad
979 605 1196 638 Franciscum

63 670 250 712 Cigalinum
274 670 419 702 affirmat
442 669 528 701 nihil
545 670 700 711 Origenis
725 669 840 701 haberi
864 669 896 700 in
920 668 1090 701 decimum
1108 667 1197 698 Mat-

61 731 149 764 thaei
174 740 282 775 caput.
332 733 376 762 At
399 730 579 762 Vaticanus
612 731 728 764 Codex
759 732 867 762 fertur
899 739 1050 762 constare
1076 726 1195 760 Tomis

61 792 212 832 decimo,
235 791 437 830 undecimo,
463 792 689 832 duodecimo,
728 802 761 824 et
785 792 919 825 decimo
945 791 1058 823 tertio.
1105 787 1196 821 Scri-

60 861 198 898 pserunt
222 864 358 896 quoque
381 852 491 885 Josias
516 852 700 893 Simlerus,
734 863 768 885 et
801 853 976 887 Conradus
1008 850 1136 884 Frisius
1160 848 1194 880 in

58 915 219 959 Epitome
246 913 481 947 Bibliothecae
513 915 757 955 Gesnerianae,
790 914 905 947 haberi
936 914 969 946 in
995 912 1111 946 ltaliae
1136 909 1194 942 Bi-

58 977 230 1009 bliotheca
270 977 413 1019 quadam
458 976 626 1009 decimum
667 978 815 1010 Tomum
860 973 1193 1010 Commentariorum

61 1037 214 1079 origenis
238 1037 273 1069 in
297 1037 518 1079 Evangelium
547 1039 729 1080 Matthaei3
760 1040 842 1071 item
868 1039 969 1070 fuisse
995 1036 1083 1080 apud
1110 1034 1192 1067 Die-

60 1112 138 1142 gum
163 1099 352 1130 [lurtadum
377 1097 527 1130 Venetiis
552 1101 738 1132 eorundem
765 1099 1097 1133 Commentariorum
1123 1096 1193 1139 ’1Ῐο-

60 1173 154 1193 mum
178 1160 203 1196 l.
228 1160 321 1204 (lego
347 1160 407 1204 X.)
431 1161 493 1192 XI.
518 1161 593 1193 ΧΙΙ.
643 1162 747 1204 Quod
776 1162 802 1193 si
829 1175 888 1205 par
912 1170 961 1192 est
984 1159 1193 1202 reliquorum

60 1223 149 1255 inter
177 1234 211 1254 se
248 1234 445 1260 consensuS,
482 1222 589 1265 qualis
628 1222 724 1264 Regii
762 1222 960 1266 exemplaris
1001 1233 1077 1252 cum
1108 1217 1195 1251 Hol-

61 1283 190 1322 miensi,
216 1295 253 1314 ex
277 1295 346 1314 uno
373 1283 562 1327 eodemque
597 1283 724 1316 Codice
757 1284 944 1327 descriptos
976 1294 1093 1314 omnes
1118 1292 1193 1312 cen-

61 1344 195 1378 suerim.
254 1344 364 1376 Porro
403 1344 485 1376 levis
526 1344 605 1376 licet
642 1345 839 1377 Bellarmini
882 1344 1091 1391 conjectura,
1129 1353 1194 1385 qua

61 1404 331 1440 Commentarios
355 1404 434 1436 illos
452 1406 492 1437 ab
512 1406 657 1447 Origene
672 1407 851 1452 abjudicat,
876 1420 942 1438 non
963 1415 1074 1438 tamen
1100 1403 1193 1436 ἀνα-

59 1468 228 1512 πόκριτος
259 1467 555 1511 praetermittenda
593 1478 651 1500 est.
719 1469 775 1502 Sic
807 1468 852 1501 ait
882 1468 940 1500 illc
973 1468 1005 1499 in
1037 1467 1125 1498 libro
1152 1465 1192 1496 de

61 1529 216 1573 scriPtor.
243 1527 436 1567 ecclesiast„
461 1529 518 1560 ubi
542 1530 582 1561 de
598 1530 760 1571 Origene:
789 1530 986 1562 »Tractatus
1000 1527 1135 1573 quintus
1158 1525 1192 1557 in

63 1591 273 1624 Matthaeum
312 1589 446 1622 videtur
481 1603 550 1622 esse
587 1591 681 1623 latini
720 1591 882 1623 auctoris:
915 1604 992 1623 nam
1023 1589 1192 1621 adducens

61 1662 180 1685 auctor
205 1652 303 1684 verba
331 1652 432 1683 isaiae
457 1652 511 1691 48,
536 1652 607 1686 16.«
637 1653 848 1685 »»Dominus
873 1652 965 1684 misit
988 1664 1041 1684 me
1067 1649 1190 1693 et-spi—

61 1714 143 1746 ritus
168 1712 302 1759 ejus:««
333 1713 385 1745 »in
410 1715 562 1754 GraecO,
593 1715 719 1759 inquit,
750 1714 887 1759 spiritus
918 1723 1050 1746 sanctus
1080 1711 1191 1744 neutri

61 1775 190 1818 generis
215 1784 274 1814 est,
299 1788 366 1807 non
392 1776 577 1815 masculini,
603 1786 640 1808 ut
663 1777 751 1820 apud
780 1790 860 1818 nos3
884 1776 941 1808 ubi
966 1789 1001 1808 se
1025 1776 1112 1807 inter
1131 1774 1190 1804 La-

65 1838 151 1870 tiuos
180 1846 343 1870 numerat.
399 1838 443 1870 Et
484 1838 510 1870 si
540 1839 715 1870 Tractatns
753 1838 887 1882 quintus
922 1837 1015 1869 latini
1046 1834 1190 1868 auctoris

63 1909 120 1938 cst,
144 1912 214 1931 non
237 1912 338 1943 parva
362 1899 508 1943 suspicio
535 1911 594 1940 est,
618 1900 768 1944 reliquos
788 1900 887 1931 ctiam
905 1899 1079 1931 Tractatus
1107 1896 1191 1940 eius*

64 1963 139 1994 dem
165 1961 304 2005 Operis,
330 1962 423 1994 latini
450 1963 596 1994 auctoris
629 1976 728 1994 esse.«
781 1963 931 1994 liabetur
955 1961 1008 1991 hic
1034 1958 1189 1999 Origcnis

65 2024 158 2054 locus
181 2022 281 2054 Tum.
307 2024 400 2056 Xlll.
434 2023 464 2054 in
500 2023 618 2056 Mani..
647 2025 696 2057 15.
722 2037 812 2055 num.
844 2025 891 2056 lb’.
940 2019 1102 2064 Quamvis
1126 2019 1191 2050 hoc

67 2083 263 2116 iiellarmini
289 2083 447 2127 judiciuin
473 2086 583 2128 palam
608 2085 739 2117 refellat
763 2085 899 2117 Codicis
925 2082 1045 2116 Graeci
1072 2080 1191 2119 lectio;

66 2158 101 2176 ea
128 2154 236 2176 tamen
262 2144 288 2176 si
313 2158 515 2185 careremus,
553 2160 618 2178 non
652 2148 727 2190 plus
764 2147 887 2178 valeret
919 2145 1003 2177 illud
1036 2143 1191 2175 adversus

66 2208 152 2238 hunc
179 2207 368 2238 Adamantii
395 2207 528 2246 librum,
554 2221 651 2251 quain
672 2210 828 2240 advmxms
843 2208 1005 2251 reliquos,
1027 2217 1111 2249 quos
1136 2215 1190 2235 ve—

66 2278 174 2300 terum
200 2268 419 2311 interpretum
444 2269 554 2300 studio
590 2270 703 2302 Latine
731 2270 880 2302 redditos
911 2268 1063 2311 legimus:
1096 2265 1129 2297 in
1153 2263 1192 2296 iis
