1422 2472
346 76 665 110 Omessmmonum
689 75 802 108 Lmen
826 75 890 109 ΙΙΙ.
1123 75 1190 111 255

142 166 320 199 Decimam
345 166 531 199 Homiliam
561 178 628 198 non
663 178 733 198 esse
758 165 915 207 Origenis
947 163 1058 196 statim
1090 176 1191 206 agno-

53 236 140 267 scet,
166 227 316 272 quisquis
347 241 443 260 nares
467 226 632 259 habuerit.
681 226 822 260 Alienus
847 236 897 259 est
927 225 1022 258 stilus
1046 226 1087 257 ab
1113 225 1192 259 Ori-

54 301 158 332 gene,
195 289 305 322 aliena
330 289 496 328 clausula,
523 287 632 321 aliena
661 288 846 327 schemata,
872 300 1074 333 synonyma,
1106 288 1191 320 anti-

52 351 173 392 theses,
198 351 400 393 allusiones,
426 350 559 384 colores
583 359 653 382 arte
678 350 838 395 quaesiti:
864 362 949 393 quae
975 349 1089 381 omnia
1114 348 1192 382 Ori-

52 413 225 454 genianam
249 413 502 457 simplicitatem
526 425 595 444 non
621 411 765 457 sapiunt.
803 411 993 453 allegoriae
1017 419 1193 455 praeterea

53 474 185 515 nullae,
221 474 335 507 nullae
373 473 599 519 tropologiae.
658 473 695 507 Si
731 473 811 517 quid
853 472 1047 517 conjectura
1083 473 1192 513 valeo,

54 537 255 582 scriptorem
281 537 437 570 Latinum
463 536 613 568 dixerim.

145 610 195 642 Ea
219 620 309 642 certe
336 619 384 642 est
407 610 547 654 primae,
571 607 701 648 tertiae,
727 617 875 652 quartae,
899 606 1046 652 quintae,
1070 617 1194 648 sextae,

53 671 236 715 septimae,
271 681 426 713 octavae,
464 681 496 704 et
535 671 686 704 decimae
720 669 939 711 congruentia
970 669 1060 702 inter
1092 683 1126 702 se
1161 680 1194 703 et

54 732 255 773 similitudo,
280 742 318 765 ut
332 733 364 777 ¹)
389 745 496 777 paene
520 733 688 764 affirmare
713 731 830 771 ausim,
856 730 954 763 unius
982 744 1051 763 esse
1077 745 1193 765 omnes

56 804 87 827 et
114 794 265 841 ejusdem
290 794 447 834 auctoris,
472 804 573 838 atque
600 796 689 839 ejus,
714 802 751 826 ut
781 793 866 833 dixi,
891 792 1020 825 Latini:
1047 795 1192 826 secunda

55 857 190 889 alterius
226 865 276 888 est
308 855 499 900 scriptoris:
542 868 630 887 nona
668 863 807 887 consuta
843 863 892 887 est
927 855 1055 899 triplici
1090 855 1194 888 trium

55 918 259 963 scriptorum
290 919 490 960 fragmentO.
540 918 592 950 Ab
619 917 767 958 Origene
798 925 910 949 autem
942 916 1034 948 nulla
1060 917 1194 961 penitus

57 982 210 1026 profecta
237 989 301 1019 est,
326 989 563 1024 praeterquam
587 979 684 1023 prior
707 977 766 1010 illa
791 990 899 1010 nonae
924 978 1104 1022 particula.

144 1053 203 1086 Vl.
247 1052 395 1085 Michael
429 1051 615 1084 Ghislerius
655 1051 688 1083 in
720 1050 936 1083 Praefatione
974 1051 1015 1083 ad
1047 1064 1124 1084 suos
1160 1052 1193 1084 in

54 1114 239 1148 Jeremiam
260 1113 542 1152 Commentarios,
569 1125 640 1156 cap.
654 1112 684 1146 7.
709 1125 836 1156 paragr.
856 1113 898 1152 4.,
922 1121 1033 1143 narrat
1054 1112 1089 1143 in
1103 1113 1197 1145 Vati-

57 1190 141 1209 cano
174 1177 322 1221 quodam
351 1175 478 1208 Codice
504 1174 637 1208 Graeco
670 1183 819 1217 repertas
852 1173 915 1205 sibi
941 1173 1098 1215 Origenis
1122 1174 1195 1206 Ho-

56 1238 165 1270 milias
190 1238 222 1270 in
245 1238 429 1270 Jeremiam
453 1236 589 1278 viginti;
615 1248 796 1280 earumque
821 1244 1048 1279 postremam,
1074 1235 1135 1268 etsi
1160 1235 1196 1269 id

57 1300 221 1332 indicaret
249 1299 385 1338 titulus,
418 1311 629 1343 nequaquam
664 1306 776 1329 tamen
809 1297 850 1329 ad
877 1296 1059 1338 Origenem
1091 1299 1196 1342 perti-

57 1363 176 1395 nuisse.
225 1361 403 1394 subnectit
434 1360 654 1405 postmodum
689 1373 724 1391 ea
763 1359 827 1404 jam
867 1359 956 1391 edita
990 1361 1195 1404 comperisse

59 1437 92 1456 se
118 1437 185 1456 non
212 1422 368 1464 origenis
394 1422 599 1461 Homiliam,
631 1422 689 1454 sed
720 1422 881 1464 insignem
914 1433 983 1453 esse
1012 1421 1197 1454 Clementis

60 1484 276 1518 Alexandrini
290 1485 498 1524 Tractatum,
525 1483 619 1527 cujus
639 1484 866 1516 meminerunt
880 1483 1057 1522 Eusebius,
1074 1483 1198 1516 Hiero-

157 1655 186 1699 ')
212 1655 323 1686 Paene
349 1654 470 1685 erravit
494 1654 657 1693 Huetius,
688 1663 788 1698 atque
813 1652 840 1684 si
865 1653 964 1696 plane
992 1665 1088 1686 ausus
1114 1653 1199 1688 esset

58 1711 243 1750 affirmare,
276 1711 375 1754 plane
401 1720 552 1743 errasset.
600 1712 684 1743 Nam
711 1709 881 1748 Homilia,
915 1722 999 1752 quae
1028 1709 1118 1742 inter
1143 1723 1196 1743 eas

57 1768 200 1813 septima
223 1776 437 1806 numeratur,
469 1766 562 1811 cujus
586 1776 711 1799 tantam
744 1779 819 1797 curn
845 1765 917 1797 aliis
944 1767 1196 1807 congruentiam

60 1833 93 1856 et
116 1822 376 1856 similitudinem
394 1835 464 1854 esse
488 1822 545 1862 ait,
570 1823 734 1867 ipsissima
761 1831 808 1854 est
822 1821 986 1861 Homilia,
1011 1823 1065 1855 vel
1082 1824 1197 1867 potius

59 1893 134 1925 pars
159 1879 330 1912 Humiliae
357 1880 398 1911 de
427 1878 641 1919 Chananaea,
667 1892 767 1923 quam
792 1877 1015 1911 Mabillonius
1041 1888 1075 1911 et
1098 1880 1199 1913 multi

59 1945 137 1980 post
162 1949 238 1968 eum
264 1935 447 1968 Laurentio
473 1935 672 1968 Novariensi
698 1936 873 1980 episcopo,
902 1933 958 1966 alii
984 1934 1198 1981 Presbytem,

61 1992 118 2024 alii
150 1992 333 2026 Laurentio
358 1991 546 2031 Mellifluo,
579 1992 637 2024 alii
669 1991 919 2025 Mediolanensi
955 1991 1041 2023 falso
1072 1993 1199 2025 tribue-

61 2057 157 2089 runt;
182 2061 281 2093 quam
305 2060 386 2080 vero
414 2048 571 2081 dominus
596 2058 712 2081 noster
736 2046 1025 2081 Montefalconius
1043 2048 1077 2081 S.
1095 2049 1196 2095 Chry-

62 2113 214 2136 sostomo
240 2104 311 2149 jure
342 2114 375 2136 et
398 2104 522 2137 merito
548 2105 763 2150 adjudicavit.
813 2104 909 2136 Hanc
939 2103 1027 2136 enim
1053 2106 1200 2139 contulit

63 2160 213 2193 eruditus
250 2160 300 2192 vir
336 2174 412 2193 cum
445 2162 576 2194 Graeco
608 2161 646 2194 S.
680 2161 915 2207 Chrysostomi
952 2170 1129 2201 contextu,
1165 2172 1199 2195 et

61 2216 189 2261 reperit
221 2225 320 2260 atque
346 2217 479 2249 monuit
507 2230 634 2250 meram
667 2230 740 2250 eam
774 2231 843 2250 esse
874 2218 1199 2262 interpretationem,

63 2284 121 2303 seu
139 2271 254 2316 potius
273 2273 495 2312 fragmentum
510 2274 681 2306 Homiliae
696 2274 846 2306 Graecae
867 2275 908 2306 de
926 2274 1131 2308 Chananaea.
1157 2276 1196 2308 R.
