1413 2482
195 83 262 118 214
527 89 637 122 Pn'riu
668 89 842 123 mamus
865 90 998 124 llum-n

196 173 278 218 ut¹)
303 177 452 209 ostendit
477 177 548 223 ejus
573 179 746 223 exemplar
769 180 921 212 nondum
947 180 1088 220 editum,
1111 182 1203 226 quod
1229 194 1334 226 penes

197 247 250 267 me
284 246 341 269 est.
392 238 552 283 Ejusdem
585 241 772 283 argumenti
806 242 986 286 epistolam
1016 243 1058 276 ad
1083 242 1217 276 Patrem
1247 257 1335 276 mar·

197 296 284 341 tyrio
318 298 521 333 destinatum
554 301 732 346 scripserat
771 302 988 336 Adamantius
1019 303 1202 338 etiamnum
1231 318 1336 350 puer3

197 357 289 400 cujus
322 360 487 404 epistolae
514 365 613 397 verba
638 365 804 409 quaedam
836 365 963 410 repetit
984 365 1149 398 Eusebius
1171 366 1249 402 libr.
1274 368 1332 400 vl.

197 418 324 453 Histor.
352 435 423 467 cap.
448 423 479 458 2.

285 482 323 515 V.
367 487 449 518 Acta
475 487 737 521 concertationis
762 488 901 530 Origeni
934 500 1010 520 cum
1036 487 1176 535 Beryllo
1201 489 1332 523 habitae

196 542 313 576 eadem
351 546 452 580 fuisse
496 546 642 581 arbitror
683 559 783 595 atque
820 549 994 591 dialogum
1031 550 1224 596 utriusque,
1264 564 1333 597 quo

194 601 369 640 haereseos
393 609 547 657 Beryllus
573 611 773 654 coarguitur.
823 611 923 644 Hunc
955 619 1062 644 aetate
1086 625 1145 646 sua
1170 613 1333 646 exstitisse

193 666 309 700 scribit
350 669 577 719 Hieronymus
622 673 698 707 libr.
736 674 778 706 de
822 672 980 717 scriptor.
1018 673 1137 707 eccles.
1175 686 1247 719 cap.
1281 674 1335 709 71.

193 725 333 762 Praeter
368 732 456 766 hunc
490 734 695 777 Dialogum‚
733 733 819 768 alios
855 746 994 779 quoque
1029 733 1138 767 literis
1170 733 1334 776 Origenes

193 791 367 826 mandasse
403 796 520 830 fertur.
584 798 725 830 Rufinus
754 797 796 830 ‚in
840 796 962 829 libello
1006 796 1049 829 de
1085 795 1332 829 adulteratione

193 849 310 886 libror.
338 856 449 899 orig„
474 860 642 903 quendam
666 861 707 892 ab
733 872 773 892 eo
801 857 1047 902 conscriptum,
1075 866 1110 890 et
1133 870 1151 890 a
1176 857 1331 891 Candido

192 911 393 958 Haeretico,
427 920 563 965 quicum
595 921 728 954 babitus
760 920 891 961 fuerat,
923 918 1150 952 adulteratum
1182 932 1333 952 comme-

191 985 311 1010 morat.
361 979 672 1016 Circumferebatur
704 983 763 1015 ille
795 981 997 1027 Hieronymi
1028 980 1261 1026 temporibus,
1295 981 1329 1015 in

193 1047 301 1081 eoque
327 1040 510 1085 Origenes,
536 1054 569 1077 et
596 1044 766 1077 Candidus
790 1043 1047 1076 Valentinianae
1071 1043 1230 1076 defensor
1253 1044 1331 1077 hae-

190 1110 302 1133 reseos
326 1103 414 1136 inter
437 1107 502 1139 alia
527 1107 754 1151 disputabant,
778 1105 932 1138 Filiusne
957 1114 1043 1138 esset
1068 1105 1111 1138 de
1126 1104 1234 1138 Patris
1251 1107 1330 1139 sub-

189 1162 319 1203 stantia,
345 1174 378 1198 et
402 1176 516 1200 utrum
540 1168 696 1201 diabolus
722 1167 791 1213 ejus
809 1176 893 1199 esset
907 1176 1054 1206 naturae,
1080 1180 1165 1211 quae
1186 1169 1327 1201 salutem

188 1223 329 1268 adipisci
357 1240 426 1261 non
451 1239 576 1274 posset.
627 1230 803 1263 Africanus
827 1228 983 1271 Origenis
1007 1229 1156 1273 aequalis
1190 1240 1222 1263 et
1245 1230 1328 1264 ami-

190 1297 245 1317 cus
277 1286 373 1321 initio
408 1291 592 1336 epistolae,
625 1306 689 1338 qua
721 1292 824 1336 ipsius
856 1291 1056 1324 sententiam
1089 1291 1131 1323 de
1156 1291 1328 1325 susannae

191 1346 329 1382 historia
353 1353 496 1395 rogavit,
522 1354 636 1387 laudat
659 1354 844 1396 Dialogum
869 1354 940 1397 ejus
964 1353 1005 1385 ad
1020 1355 1269 1394 Agnomonem,
1294 1353 1328 1386 in

189 1421 257 1453 quo
282 1422 415 1456 partem
438 1416 532 1448 illam
559 1416 637 1449 libri
653 1416 807 1448 Danielis
823 1415 856 1448 in
880 1414 1113 1447 testimonium
1134 1415 1329 1455 adduxerat,

188 1483 272 1514 quae
303 1474 473 1510 susannae
511 1491 625 1521 casum
657 1487 777 1510 narrat.
834 1478 949 1510 Exstat
982 1475 1129 1520 denique
1160 1476 1327 1519 Dialogus

187 1533 229 1565 de
263 1546 353 1570 recta
387 1539 420 1572 in
445 1541 560 1572 Deum
593 1541 680 1579 fide,
713 1540 772 1585 qui
805 1549 837 1572 et
871 1547 986 1571 contra
1012 1537 1246 1572 marcionistas
1277 1538 1327 1572 in-

186 1597 361 1641 scribitur;
407 1602 466 1635 sed
501 1602 654 1647 spurius,
701 1611 745 1637 et.
768 1601 1021 1646 supposititius,
1066 1609 1104 1633 ut
1141 1600 1228 1634 infra
1267 1601 1326 1634 de-

186 1663 458 1698 monstrabimus.

276 1723 331 1756 VI.
372 1725 544 1770 Epistolas
575 1726 731 1769 Origenis
762 1734 933 1770 quotquot
963 1734 1033 1757 erat
1064 1733 1199 1764 nactus,
1233 1736 1252 1756 a
1289 1737 1324 1758 se

186 1781 288 1815 fuisse
315 1785 488 1827 collectas,
522 1797 554 1820 et
586 1788 620 1821 in
645 1787 804 1832 proprios
831 1787 936 1819 libros
961 1786 1103 1829 digestas
1128 1785 1232 1819 tradit
1254 1786 1324 1820 Eu-

185 1844 296 1878 sebius
322 1846 398 1881 libr.
418 1849 474 1883 Vl.
504 1850 590 1882 Hist.
617 1863 690 1894 cap.
711 1849 786 1889 36.,
818 1861 960 1881 numero
985 1857 1096 1881 autem
1120 1848 1222 1881 fuisse
1246 1848 1322 1881 illas

183 1905 361 1951 plusquam
407 1920 553 1943 centum.
614 1910 936 1944 Conficientissimus
977 1910 1103 1954 quippe
1148 1909 1322 1943 literarum

186 1966 348 2009 Origenes
380 1971 454 2004 fuit.
503 1972 643 2004 Librum
679 1972 892 2005 collectionis
924 1970 1021 2016 hujus
1053 1981 1209 2016 quartum
1240 1972 1321 2005 citat

184 2028 324 2062 Rufinus
350 2031 382 2064 in
408 2033 528 2066 libello
555 2035 595 2066 de
621 2035 795 2067 adulterat.
823 2034 940 2067 libror.
956 2033 1049 2076 Orig.
1085 2033 1135 2066 Ex
1159 2033 1224 2067 hoc
1249 2032 1322 2079 epi-

280 2166 309 2209 ¹)
336 2166 420 2200 Vide
456 2168 548 2211 Orig.
583 2169 673 2213 Opp.
707 2170 758 2202 ed.
795 2170 836 2202 de
876 2170 905 2201 la
947 2170 1019 2202 Rue
1049 2168 1150 2201 Tom.
1177 2168 1204 2200 l.
1242 2180 1315 2212 pag.

184 2218 258 2253 273·
277 2234 381 2267 seqq„
404 2225 462 2257 ubi
487 2225 539 2257 hic
567 2225 653 2257 liber
678 2235 744 2258 tam
765 2214 905 2264 Gracco,
931 2239 1030 2270 quam
1057 2224 1173 2258 Latine
1198 2223 1318 2262 editur,

185 2275 262 2307 coll.
292 2278 341 2310 ed.
368 2290 470 2314 nostr.
497 2281 596 2314 Tom.
623 2281 696 2313 XX.
