1413 2482
207 90 251 124 52
542 85 655 120 Prxrm
685 85 861 119 Dmmus
885 84 1018 118 Ηυετιι

213 179 335 213 sanctis
359 188 392 211 et
418 177 719 210 continentissimis
745 176 824 209 viris
850 175 1016 215 misimus,
1042 174 1099 219 qui
1119 175 1249 219 possint
1274 187 1355 206 cun-

212 253 285 275 ctos
309 242 343 274 in
368 239 556 284 praesentia
583 240 707 272 docel-c
735 250 819 282 quac
845 246 936 279 gesta
959 246 1067 269 sums<
1114 236 1164 270 Ex
1189 236 1240 269 his
1266 235 1355 269 effici

212 313 310 349 putat
340 300 506 335 Baronius
538 302 579 333 ab
613 300 826 345 EpiphaniO,
862 313 931 332 non
963 308 1076 331 autem
1109 311 1128 331 a
1157 298 1355 342 'I'heophilo

214 376 294 398 tunc
327 365 474 406 legatum
506 363 607 396 suisse
640 363 778 395 missum
813 359 1157 405 Constantinopolin,
1181 360 1356 405 Theophi-

217 429 286 460 lum
310 436 424 460 autem
456 426 621 471 quosdam
655 437 672 457 e
705 424 879 457 monachis
914 422 1140 456 §iu-{ensibus
1173 422 1240 455 alio
1265 423 1357 455 able-

215 501 318 532 gasse.
366 489 455 522 Sane
480 487 514 520 id
540 500 579 519 cx
605 486 771 530 epistolae
797 485 907 518 verbis
925 498 993 518 non
1013 485 1162 527 cogitur:
1187 484 1258 517 imo
1276 497 1356 516 vcro

215 560 311 594 rogat
334 549 566 595 Epiphanium
592 548 816 593 Theophilus,
841 558 879 580 ut
897 548 1048 592 aliquem
1067 546 1177 580 mittat
1194 548 1358 581 Constan-

216 613 400 658 tinopolin,
423 612 511 644 sicut
535 624 553 643 a
576 623 610 644 se
638 610 824 643 Nitrienses
850 609 1010 643 monachi
1033 608 1126 642 missi
1150 619 1238 643 sunt.
1275 609 1356 652 Quo

217 675 332 708 missi?
357 676 489 718 Nempe
514 686 582 718 quo
608 672 866 717 aliquetumitti
888 672 959 704 vult
978 672 1019 704 ab
1035 672 1242 717 Epiphani0‚
1269 671 1361 704 Con-

216 736 478 781 stantinopolin.
525 739 611 770 ham
639 734 722 779 quid
748 735 842 767 aliud
868 735 968 767 verba
991 732 1137 766 sonant?
1171 733 1278 776 Quod
1302 746 1359 764 au-

218 809 287 832 tem
313 798 488 843 peregrina
519 796 766 829 commuuione
793 809 852 829 eos
885 795 1055 840 exceperit
1087 795 1361 841 Chrysostomus,

217 862 295 894 inde
323 860 500 893 concludit
522 858 692 892 Batonius
723 858 845 905 synodi
870 857 1116 890 Alexandrinae
1141 856 1255 889 literas
1278 856 1361 889 illuc

218 925 372 956 nondum
396 923 500 955 fuisse
525 921 692 967 perlatas;
723 919 855 965 alioqui
889 920 1066 952 damnatos
1090 928 1123 951 et
1146 918 1360 964 proscriptos

217 985 404 1018 monachos
429 983 569 1016 minime
595 983 698 1017 suisse
723 992 954 1027 excepturum.
1003 981 1050 1014 Ut
1074 981 1109 1013 id
1134 981 1244 1020 detur,
1267 980 1360 1025 quod

217 1048 332 1091 negari
357 1057 469 1080 tamen
494 1055 627 1091 potest3
651 1065 694 1071 —
718 1059 796 1079 nam
814 1044 1040 1077 damnationis
1065 1056 1214 1076 caussam
1230 1052 1358 1075 certum

219 1121 267 1144 est
293 1110 396 1142 licere
422 1108 530 1154 inquit
555 1122 616 1149 —3
648 1121 718 1140 non
750 1108 829 1140 inde
861 1106 1014 1151 sequitur
1044 1104 1359 1149 Constantinopoli-

221 1184 335 1206 tanum
359 1172 424 1204 iter
447 1171 541 1216 prius
564 1170 750 1215 suscepisse
783 1169 969 1202 Nitrienses
1001 1167 1227 1210 Origenistas,
1259 1180 1358 1212 quam

219 1237 347 1278 legatos
371 1246 450 1267 suos
471 1233 595 1265 eodem
609 1232 822 1277 Theophilus
840 1231 994 1263 misisset.
1032 1229 1216 1262 Probabile
1232 1229 1360 1274 quippe

220 1308 270 1331 est
293 1294 480 1340 Theophili
506 1295 634 1337 legatos
658 1295 851 1338 provincias
884 1294 1007 1325 multas
1032 1291 1176 1330 adiisse,
1207 1291 1360 1324 dissemi-

219 1359 405 1393 nandarum
438 1357 601 1401 praesulis
642 1356 732 1388 illius
765 1355 1003 1401 synodicarum
1039 1354 1213 1386 literarum
1246 1352 1360 1395 gratia,

218 1421 435 1468 proindeque
472 1417 579 1451 serius
611 1417 934 1462 Constantinopolin
975 1416 1109 1448 easdem
1140 1415 1360 1460 importasse:

220 1497 296 1516 cum
320 1483 449 1515 interea
474 1480 676 1512 discessione
710 1479 848 1511 illorum
881 1479 1012 1517 audita,
1045 1477 1175 1515 nullam
1204 1477 1357 1522 interpo-

218 1555 335 1579 nentes
359 1555 504 1582 moram,
529 1541 658 1583 magnis
683 1541 861 1573 itineribus
893 1540 975 1573 illuc
1001 1539 1254 1572 contendissent
1279 1538 1358 1572 Ori-

218 1607 384 1650 genistae3
415 1614 448 1637 et
479 1604 538 1649 qui
565 1604 672 1637 serius
706 1612 923 1648 susceperant
954 1602 1036 1643 iter,
1076 1601 1239 1634 maturius
1269 1600 1357 1633 illud

219 1669 455 1702 confecissent.

309 1731 370 1764 IX.
430 1728 756 1772 Constantinopolin
800 1727 905 1760 delati
941 1725 1152 1769 Origenistae
1186 1724 1358 1770 supplices

219 1791 377 1825 accidunt
399 1791 442 1823 ad
466 1804 573 1833 genua
597 1789 755 1829 Joannis,
786 1789 1028 1833 postulantque
1062 1797 1100 1820 ut
1125 1800 1229 1832 opera
1252 1783 1358 1831 ipsius

220 1865 253 1887 et
276 1853 489 1892 auctoritate,
513 1852 701 1897 Theophili
727 1853 904 1884 adversum
938 1863 973 1883 se
1005 1849 1179 1882 iracundia
1208 1849 1356 1888 sedetur,

219 1925 253 1948 et
277 1917 469 1961 Aegyptum
494 1914 662 1947 redeundi
686 1914 750 1946 sibi
776 1913 877 1958 copia
900 1912 972 1952 {iat3
998 1911 1092 1956 quod
1117 1910 1145 1942 si
1169 1911 1356 1943 reverentia

218 1987 276 2012 aut
299 1987 392 2010 metu
416 1976 621 2021 Theophili,
645 1977 687 2008 ab
713 1976 788 2020 ipso
822 1987 978 2020 quoque,
1008 1972 1297 2018 quemadmodum
1324 1982 1357 2005 et

217 2041 258 2072 ab
283 2039 356 2072 aliis
381 2038 552 2082 episcopis
576 2038 804 2082 repellantur,
838 2035 1053 2082 imperatoris
1077 2047 1180 2079 opem
1204 2047 1240 2067 se
1263 2034 1358 2067 deni-

218 2114 284 2146 que
307 2099 562 2145 imploraturos.
612 2099 832 2143 Connpositus
856 2100 898 2132 ad
923 2096 1176 2131 miserationem
1202 2088 1351 2129 commo»

217 2164 360 2196 vendam
394 2162 545 2194 virorum
577 2161 709 2194 habitus
737 2162 982 2208 Chrysostomo
1015 2160 1177 2205 lacrymas
1203 2158 1355 2192 excussit.

216 2225 369 2267 Benigne
392 2225 508 2269 itaque
537 2223 629 2269 ipsos
653 2223 856 2268 alloquitur,
887 2223 982 2269 jubet
1013 2234 1162 2255 caussam
1192 2221 1354 2253 adventus

214 2286 265 2319 sui
288 2287 421 2327 sileant,
445 2287 486 2319 de
512 2286 665 2331 ipsorum
697 2285 912 2319 restitutione
943 2297 1013 2318 sese
1050 2297 1125 2316 cum
1158 2281 1354 2326 Theophila
