1413 2482
167 72 233 108 300
496 77 530 109 S.
564 76 741 108 Psmpmn
767 74 964 108 MAn‘rrms.

168 162 284 206 periti:
316 163 471 195 nonnulli
497 163 626 196 etiamsi
655 163 781 209 aliquid
814 164 970 197 videntur
1000 163 1120 196 habere
1144 164 1296 209 peritiae,

166 237 234 258 non
259 234 371 258 tamen
396 224 494 258 etiam
519 226 553 258 id
577 225 680 258 studii
704 224 855 258 habuisse
879 225 1113 266 inveniuntur,
1143 235 1181 259 ut
1203 226 1296 259 libris

166 286 236 332 ejus
261 299 399 331 operam
424 286 593 320 dederint:
619 292 676 319 au't‘
699 287 726 320 si
751 286 930 327 acciderit,
962 297 999 320 ut
1024 286 1122 320 etiam
1147 287 1297 330 legerint.

166 361 233 380 non
258 347 420 381 continuo
446 348 545 381 etiam
571 357 680 381 tantae
705 348 902 382 eruditionis
923 348 1059 390 suerint,
1076 350 1106 394 ¹)
1131 359 1169 382 ut
1185 349 1298 383 altitu-

169 410 281 442 dinem
305 423 419 443 sensus
445 410 515 456 ejus
540 410 671 455 assequi
696 410 874 455 quiverint,
899 423 966 455 quo
992 423 1040 450 ea,
1067 423 1150 456 quae
1164 411 1223 444 ille
1249 411 1298 444 di·

165 482 262 505 verso
286 481 469 517 prospectu
492 485 555 517 pro
581 472 665 505 locis
691 482 723 505 et
748 473 851 505 causis
876 472 1036 506 disserere
1060 472 1159 512 solet,
1183 473 1299 506 adver-

167 542 237 566 tere
267 534 443 567 valuerint.
493 534 622 568 Multos
656 534 820 574 invenias,
857 546 940 578 quos
974 534 1001 566 si
1031 534 1234 577 interroges,
1264 534 1298 567 in

167 595 289 640 quibus
313 595 426 634 libris.
460 605 516 629 aut
547 596 579 628 in
613 596 734 641 quibus
767 595 849 628 locis
880 596 968 628 dicta
992 595 1058 628 sint
1081 596 1184 636 haec,
1215 609 1299 642 quae

167 667 326 699 arguunt,
362 656 611 702 confitentur-²)
642 671 676 691 se
707 657 843 703 quidem
868 658 996 690 nescire
1020 670 1078 699 ea,
1112 659 1153 691 de
1179 658 1300 706 quibus

166 719 344 760 affirmant,
367 732 429 752 nec
453 720 569 762 legisse
595 733 758 764 unquam,
789 719 918 752 audisse
943 729 1053 752 autem
1077 718 1161 752 alios
1186 719 1300 752 dicen-

166 791 225 814 tes.
272 782 322 814 Ex
345 795 413 827 quo
440 782 545 815 cuivis
569 783 669 826 plena
683 783 717 826 ³)
748 772 883 814 ridiculi
914 781 1075 814 sententia
1108 794 1226 814 eorum
1251 782 1299 814 vi-

167 843 311 884 debitur,
336 857 411 876 cum
438 844 479 876 de
504 843 554 876 his
578 843 739 889 judicant,
763 853 863 888 atquc
888 855 925 875 ea
950 844 1187 884 condemnant,
1214 857 1299 889 quae

166 919 228 939 nec
253 906 379 939 discere
405 905 542 950 quidem
567 905 671 950 prius„
696 919 733 938 ac
748 905 780 950 ⁴)
803 918 901 937 nosse
918 914 1111 950 potuerunt.
1153 906 1189 938 ln
1215 906 1298 939 alios

166 981 246 1001 vero
271 968 353 1000 novi
376 967 500 1000 furoris
524 968 663 1000 morbus
688 977 721 999 et
736 967 904 1000 inauditae
927 967 1017 999 labes
1031 966 1063 1010 ⁵)
1091 966 1225 1000 incessit
1249 967 1299 1000 in—

167 1030 288 1070 saniae,
315 1042 391 1062 cum
414 1038 482 1061 tam
507 1029 614 1061 multa
630 1028 710 1073 vejus
735 1027 909 1060 volumina
933 1028 1055 1060 referta
1080 1028 1184 1062 totius
1208 1029 1299 1062 utili-

168 1092 245 1125 tatis
269 1100 304 1124 et
327 1090 558 1124 instructionis
581 1090 785 1131 habeantur,
819 1099 851 1122 et
881 1089 958 1122 satis
982 1102 1054 1123 rara
1079 1099 1111 1122 et
1133 1104 1300 1137 perpauca

168 1156 258 1188 sorte
282 1155 356 1187 loca
379 1152 462 1192 sint,
493 1152 528 1184 in
561 1152 681 1196 quibus
713 1152 766 1184 vel
798 1150 1026 1196 imperitiores
1057 1152 1201 1198 quique,
1234 1155 1300 1196 vel,

169 1217 261 1263 quod
285 1215 406 1255 verius,
429 1214 591 1246 malevoli
613 1226 713 1259 posse
737 1213 800 1246 sibi
822 1213 999 1246 videantur
1015 1215 1163 1248 offendi:
1188 1216 1300 1249 omnia

169 1279 307 1324 quidem
330 1278 400 1317 illa,
426 1289 510 1321 quae
535 1285 569 1308 et
593 1275 786 1315 Catholica‚
819 1284 852 1307 et
875 1275 916 1307 ad
941 1275 1208 1310 aedificationem
1231 1278 1301 1311 ani-

168 1354 261 1381 mae,
285 1337 429 1385 atquess)
462 1339 504 1372 ad
534 1337 692 1371 scientiae
722 1336 977 1370 instructionem
1010 1338 1109 1370 etiam
1136 1338 1199 1383 ipsi
1224 1350 1300 1385 apta

168 1404 332 1443 fatentur,
365 1400 527 1434 omittunt
558 1409 590 1432 et
621 1399 811 1442 negligunt;
842 1412 903 1432 nec
937 1398 1063 1444 aliquid
1087 1399 1185 1443 inde,
1209 1403 1298 1435 unde

166 1474 308 1511 possunt
331 1463 407 1508 et⁷)
434 1463 558 1495 debent
580 1462 764 1506 pr’oficere3
796 1474 832 1493 ea
858 1474 937 1494 vcro
963 1462 1045 1503 sola,
1070 1475 1154 1508 quae
1178 1463 1219 1496 ad
1245 1477 1299 1497 ca-

168 1527 329 1560 lumniam
354 1524 588 1570 proficiant,⁸)
612 1534 743 1556 summo
768 1522 879 1556 studio
900 1523 1068 1557 ediscunt:
1092 1534 1129 1557 ut
1148 1525 1204 1570 qui
1217 1527 1299 1560 boni

168 1589 251 1622 nihil
274 1600 421 1633 unquam
446 1587 535 1619 forte
560 1580 806 1630 didicerunt,‘⁹)
831 1586 912 1618 hacc
937 1598 1021 1631 quae
1045 1585 1110 1631 ipsi
1134 1599 1202 1620 non
1228 1600 1296 1621 esse

266 1734 296 1778 ¹)
322 1733 407 1765 Edd.
434 1732 479 1764 M.
505 1733 657 1774 suerunt.

262 1790 296 1831 ²)
320 1787 414 1821 Editi
438 1789 484 1830 (v.
511 1800 538 1821 c.
565 1788 640 1820 cdd.
666 1787 733 1831 M.)
760 1788 863 1821 male:
889 1790 1123 1831 confiteantur.
1153 1789 1190 1824 R.

262 1847 296 1890 3)
320 1845 400 1878 Mss.
423 1845 526 1888 plena
551 1845 718 1877 ridiculis.
744 1846 786 1879 R.

263 1902 297 1945 ⁴)
321 1901 409 1933 Edd.
435 1899 482 1932 M.
508 1906 567 1932 aut
591 1912 697 1932 nosse.

264 1959 296 2003 ⁵)
321 1956 413 1989 Editi
438 1957 483 1999 (e.
509 1968 535 1987 c.
561 1955 636 1988 edd.
663 1955 728 1999 Μ.)
753 1957 861 1989 cladis
883 1958 1184 1993 incessitinsaniu.
1216 1960 1296 1995 Mss.

172 2016 207 2039 ut
233 2005 265 2037 in
290 2012 391 2036 textu.
415 2001 455 2034 R.

264 2059 298 2103 ⁵)
322 2057 408 2091 Edd.
434 2056 482 2090 Μ.
513 2064 612 2101 atque
635 2058 821 2090 sententiae
855 2059 1118 2092 instructionem.

265 2115 298 2159 ⁷)
323 2112 414 2146 Editi
438 2113 485 2156 (v.
511 2126 539 2145 e.
566 2113 640 2145 edd.
667 2113 730 2156 Μ.)
763 2121 792 2146 e!
818 2114 953 2155 debent,
983 2117 1147 2159 proficere
1168 2119 1292 2151 volunt.

174 2162 257 2197 Cod.
283 2158 507 2194 sorbonicus:
539 2166 569 2192 et
601 2160 717 2192 debent
738 2162 912 2204 proficere,
947 2168 1130 2194 assumunt.
1181 2163 1292 2195 Ceteri

174 2222 252 2240 vcro
281 2206 360 2238 Mss.
385 2213 423 2236 ut
447 2204 479 2237 in
505 2213 603 2237 textu.
630 2204 668 2236 R.

267 2263 299 2305 ⁷⁴)
326 2261 412 2294 Edd.
439 2261 484 2293 M.
508 2262 698 2305 proficiunt.
795 2262 827 2304 ο)
855 2261 938 2293 Edd.
966 2262 1011 2297 M.
1037 2264 1229 2296 didicerint.
