1422 2472
356 101 671 138 Ouezmmomm
695 101 811 138 Lmen
826 101 891 137 111,
1134 101 1200 139 149

60 193 186 227 artibus
219 193 347 225 factum
385 192 551 239 conjicio,
585 191 643 239 qui
675 205 751 226 cum
784 204 818 225 se
851 188 1057 232 origenismi
1094 190 1195 233 vulgo

58 263 253 300 suspectum
291 266 378 293 esse,
413 263 665 299 proptereaque
702 253 812 287 minus
845 251 1032 286 vendibiles
1066 264 1197 285 merces

58 328 132 350 suas
156 314 372 358 intelligeret,
396 315 511 348 sucum
535 315 678 349 incautis
702 315 887 349 lectoribus
912 314 1025 347 facere
1049 313 1198 347 voluisse

57 377 242 411 verisimile
276 385 342 419 est3
377 376 578 423 Hieronymi
614 386 726 410 autem
764 375 946 410 adversarii
985 374 1038 409 sui
1072 388 1199 410 nomen

59 438 296 485 praescripsit,
319 450 387 483 quo
414 451 491 471 eum
516 451 653 484 quoque
677 439 712 472 in
738 437 947 482 Origenismi
972 437 1202 483 suspicionem

59 510 214 542 vocaret,
245 513 265 534 a
296 513 364 546 quo
396 510 465 534 tam
498 513 597 545 saepe
624 500 797 535 doctrinae
829 500 928 547 hujus
953 500 1065 533 fuerat
1090 500 1204 533 crimi-

58 573 165 597 natus.
213 561 326 597 Simili
343 562 373 607 ⁸)
398 562 531 596 vafritie
555 563 713 597 adversus
739 576 817 597 eum
841 575 920 596 usus
953 571 1002 595 est
1036 562 1071 595 in
1095 562 1203 596 Pero-

58 626 190 660 ratione
213 624 503 670 interpretationis
517 625 850 659 Commentariorum
870 624 1026 668 Origenis
1050 623 1085 657 in
1103 625 1202 670 epist,

59 689 102 722 ad
124 688 308 728 Romanos,
332 696 370 720 ut
393 700 454 721 suo
481 687 559 720 loco
587 700 605 720 a
629 688 729 721 nobis
755 687 899 722 dicetur.
946 685 1064 720 Rufini
1086 696 1202 720 autem

59 763 129 783 non
163 749 274 783 minus
305 748 480 782 familiaris
518 749 620 782 fuisse
658 749 793 782 videtur
827 747 1064 791 Chromatius,
1100 762 1201 795 quam

59 811 280 859 Hieronymi,
311 820 432 857 utpote
458 811 639 857 episcopus
663 810 860 857 Aquileiae,
892 824 976 856 quae
1001 810 1118 844 Rufini
1143 825 1203 857 pa-

59 874 122 908 tria
145 873 220 909 suit.
269 873 450 907 Gratianus
476 873 590 908 Causs.
613 872 669 909 23.
696 881 824 918 quaest.
850 872 881 907 1.
908 885 946 905 ex
971 872 1124 907 Homilia
1146 874 1199 909 15.

60 936 216 979 Origenis
239 935 273 968 in
297 935 404 970 Josue
429 936 545 969 locum
570 936 683 979 affert,
709 948 811 981 quem
838 934 1006 978 Gregorio
1031 936 1202 971 adscribit.

59 1000 192 1043 Nempe
227 999 344 1031 locum
376 998 465 1031 hunc
504 998 568 1031 sibi
606 1007 826 1043 usurpaverat
858 997 1063 1040 Gregorius,
1100 1011 1203 1043 quem

60 1060 197 1093 aliunde
229 1069 403 1105 arreptum
436 1073 507 1093 esse
532 1060 713 1093 Gratianus
746 1061 921 1093 advertere
954 1060 1081 1095 debuit.
1129 1061 1203 1094 Ho-

60 1121 173 1155 miliae
188 1122 364 1164 vigesimae
381 1121 502 1163 insigni
516 1131 611 1166 parte
626 1131 757 1154 constat
774 1121 1016 1155 duodecimum
1031 1123 1064 1168 ²)
1082 1122 1201 1156 Philo-

63 1184 167 1217 caliae
193 1193 302 1228 caput.
351 1184 447 1217 Hanc
472 1184 499 1216 si
525 1197 600 1216 cum
624 1183 741 1216 Rufini
774 1184 1054 1228 interpretatione
1080 1195 1201 1218 contu-

63 1245 154 1287 leris,
178 1258 299 1278 verene
324 1246 405 1279 haec
430 1246 463 1279 in
489 1246 622 1279 laudata
646 1244 747 1278 toties
771 1246 995 1279 Peroratione
1018 1247 1204 1281 Commen.

61 1317 122 1342 tar.
147 1307 303 1350 Origenis
335 1308 369 1341 in
405 1308 501 1353 epist.
533 1309 575 1341 ad
606 1309 781 1341 Romanos
816 1309 857 1341 de
889 1322 923 1341 se
955 1310 1204 1354 praedicaverit

62 1371 222 1411 Rufinus,
247 1371 497 1416 deprehendes:
527 1372 633 1404 »Nam
658 1371 732 1411 illa,
759 1383 843 1416 quae
868 1371 901 1404 in
926 1372 1008 1404 Jesu
1032 1373 1144 1413 Nave,
1169 1383 1203 1406 et

63 1433 99 1466 in
121 1432 282 1466 Judicum
314 1433 458 1474 librum,
491 1443 524 1467 et
548 1434 581 1466 in
613 1433 823 1476 trigesimum
848 1443 997 1474 sextum,
1031 1445 1064 1468 et
1087 1435 1123 1468 in
1146 1435 1206 1468 tri-

63 1495 227 1539 gesimum
267 1496 468 1541 septimum,
518 1505 551 1529 et
587 1496 796 1538 trigesimum
835 1506 992 1529 octavum
1032 1497 1206 1531 Psalmum

63 1558 267 1604 scripsimus,
291 1559 498 1604 simpliciter
524 1560 763 1604 expressimus,
788 1568 826 1592 ut
850 1559 1051 1600 invenimus,
1077 1570 1112 1593 et
1135 1574 1206 1594 non

62 1621 173 1654 multo
198 1635 275 1655 cum
300 1621 419 1655 labore
444 1621 708 1656 transtulimus.«
758 1622 922 1655 Rufinum
946 1622 1087 1667 quidem
1103 1623 1207 1657 inter-

64 1743 137 1788 ipso
161 1742 282 1788 judice,
308 1756 407 1789 quam
426 1743 665 1789 Hieronymus,
691 1744 815 1788 absque
842 1742 973 1775 vafritie
998 1743 1111 1776 dicere
1136 1758 1206 1777 non

63 1789 192 1834 potuit:
220 1790 272 1823 »O
298 1789 345 1822 mi
373 1802 508 1833 semper
532 1789 734 1830 venerabilis
759 1798 855 1833 pater
881 1789 1110 1822 Chromati?‹<
1153 1791 1203 1823 Ex

65 1848 124 1875 eo,
159 1836 252 1879 quod
277 1835 505 1881 Hieronymus
539 1835 571 1867 in
597 1835 748 1876 Prologo
776 1834 918 1867 Galeato
952 1834 1092 1867 dixerit:
1137 1836 1206 1868 »In

64 1881 196 1924 templo
211 1880 278 1913 Dei
304 1881 407 1913 offert
431 1880 661 1925 unusquisque
688 1880 782 1924 quod
803 1889 946 1923 potest‚«
963 1889 1038 1919 etc.,
1062 1881 1206 1914 Rufinus

65 1925 99 1958 iu
121 1925 272 1968 Prologo
298 1939 360 1959 suo
387 1927 512 1971 absque
539 1926 669 1958 dolosis
693 1926 819 1958 artibus
845 1926 991 1958 eundem
1008 1926 1205 1970 Scripturae

67 1980 263 2005 contextum
287 1971 427 2004 diversis
454 1972 561 2004 verbis
593 1972 635 2004 ad
667 1984 744 2004 usus
776 1984 854 2004 suos
887 1972 1147 2005 accommodare
1173 1981 1208 2004 et

67 2016 207 2050 dilatare
241 2029 310 2050 non
348 2016 487 2062 potuit?
533 2017 658 2051 Credat
695 2017 844 2049 Judaeus
879 2016 1013 2062 Apella.
1059 2017 1207 2057 Deinde,

68 2062 94 2094 si
120 2073 158 2094 ex
182 2062 233 2095 bis
255 2071 351 2095 natus
383 2075 495 2102 error,
527 2063 616 2095 unde
650 2063 775 2095 sactum
809 2072 875 2102 est,
913 2070 951 2094 ut
981 2062 1096 2107 plures
1121 2062 1207 2096 aliae

67 2106 185 2146 Rufini
207 2107 521 2152 interpretationes,
549 2108 607 2141 ubi
639 2117 751 2141 tamen
775 2107 859 2140 nihil
885 2107 1054 2154 ejusmodi
1078 2108 1208 2152 reperi-

69 2162 142 2230 tuji’,
174 2152 385 2230 Ηὶξτοιίἔιηο
418 2153 537 2187 itidem
568 2154 602 2187 in
628 2154 829 2200 quibusdam
855 2153 964 2189 Codd.
999 2152 1128 2188 fuerint
1158 2162 1209 2186 at-

70 2207 113 2231 tn
140 2207 233 2231 ntae.
320 2225 326 2231 .

170 2254 202 2299 ¹)
227 2253 314 2287 Vide
339 2268 424 2299 quae
447 2256 535 2289 infra
560 2256 812 2290 observavimus
836 2257 869 2289 in
895 2269 988 2288 num.
1007 2255 1084 2289 XV.
1132 2255 1172 2289 R.

169 2311 202 2358 ²)
230 2311 319 2347 Edd.
344 2311 388 2347 H.
415 2321 447 2346 et
473 2313 514 2347 R.
542 2313 754 2350 »duodecim
778 2312 986 2347 Philocaliae
1012 2322 1143 2362 capum«
