1413 2482
161 67 184 100 8
498 64 613 98 Pam
638 65 812 98 DANJmAS
837 63 971 97 Ηυετιι

163 155 318 188 doctrina
351 155 534 187 illustrium
567 154 718 187 virorum
752 153 868 186 laudes
901 153 1086 186 Eusebium
1117 153 1236 199 iniquo
1266 154 1308 187 si-

168 217 272 250 lentio
298 215 496 255 obtrivisse,
521 215 574 248 vel
602 215 722 248 leviter
747 226 878 248 tantum
903 225 936 248 et
959 214 1127 248 invidiose
1152 216 1310 259 attigisse,

166 292 235 324 quo
261 290 391 310 summa
417 276 531 309 omnia
555 277 719 309 tribueret
746 277 888 319 Origeni
911 290 993 309 suo:
1027 277 1198 311 »nesciens
1223 292 1308 323 quae

167 341 307 379 diceret,
334 338 387 371 vel
428 339 469 371 de
502 338 624 382 quibus
664 339 882 373 affirmaret.«
947 339 1054 382 Quasi
1091 352 1172 372 vero
1203 341 1308 373 alium

167 403 256 434 sarna
280 413 318 433 ac
342 400 471 433 meritis
495 414 613 445 parem
639 402 777 444 Origeni
803 401 920 434 tulerit
952 401 1033 434 haec
1066 411 1166 436 aetas.
1213 403 1310 435 lllius

169 463 309 508 quidem
338 463 452 495 laudes
478 463 565 496 mala
591 464 732 496 forsitan
758 473 871 496 mente
898 463 1100 505 congessisse
1123 463 1310 497 Eusebium

168 526 344 558 fatendum
374 534 440 564 est,
472 526 532 558 sed
564 527 676 570 quoad
713 539 828 558 rerum
859 535 1027 568 gestarum
1053 526 1173 559 attinet
1195 526 1311 566 fidem,

167 587 399 632 Epiphanium
426 588 516 627 fere,
540 588 594 620 vel
621 588 887 634 Hieronymum,
912 588 1038 620 aliosve
1063 589 1311 622 consentientes

167 649 294 682 habuit.
344 651 390 682 At
414 649 607 682 Eustathius
632 660 720 683 stans
745 651 786 682 ab
816 649 1038 689 Orthodoxis,
1061 659 1310 696 proptereaque

168 709 419 743 sabellianismi
451 713 492 744 ab
525 712 659 745 Arianis
691 707 922 751 insimulatus,
963 711 1146 754 Origenem
1171 713 1310 746 adortus

169 781 229 811 est,
255 771 394 817 ejusque
420 774 621 807 sententiam
647 775 689 807 de
714 772 988 819 Engastrimytho
1015 774 1180 818 peculiari
1204 788 1310 820 opere

167 835 418 879 explodendam
443 837 600 881 suscepit.
649 836 776 870 Scribit
793 835 994 879 Pamphilus
1018 835 1052 867 in
1077 836 1195 880 priore
1219 837 1310 870 libro

170 896 378 941 Apologia,
404 911 504 942 quem
529 898 769 943 interpretatus
801 907 850 929 est
884 897 1042 935 Rufinus,
1073 907 1167 931 tamo
1200 899 1312 932 homi-

167 971 247 990 num
280 959 421 992 illorum
462 961 544 992 odio
586 969 666 992 tunc
700 959 865 1004 temporis
903 959 1020 991 arsisse
1046 959 1250 1002 Origenem,
1273 972 1311 994 ut

167 1033 235 1052 non
261 1020 319 1053 ille
351 1022 462 1054 solum
498 1022 611 1055 »velut
639 1022 827 1054 haereticus
861 1030 1090 1061 accusaretur,
1131 1031 1163 1054 et
1195 1035 1310 1055 corru-

167 1082 258 1126 ptio,
297 1092 329 1115 et
360 1084 507 1128 perditio
539 1085 772 1123 animai-un1‚«
800 1083 859 1116 scd
885 1083 956 1127 ejus
981 1082 1083 1116 etiam
1105 1083 1310 1128 scriptorum

167 1144 308 1177 lectioni
334 1145 442 1178 dediti
473 1145 791 1190 proscinderentur‚
831 1154 863 1177 et
893 1144 990 1177 venia
1021 1156 1238 1179 censerentur
1261 1147 1313 1179 in—

169 1206 274 1248 digni,
300 1220 384 1251 quae
411 1207 452 1240 iis
477 1208 665 1241 condonari
689 1208 798 1247 solet,
828 1206 885 1251 qui
917 1206 1068 1250 profanis
1093 1208 1146 1240 vel
1171 1207 1314 1240 haereti-

171 1269 216 1300 cis
243 1269 338 1301 libris
362 1269 490 1302 addicti
515 1280 608 1310 sunt,
644 1270 813 1313 planeque
843 1281 907 1312 pro
940 1266 1125 1301 Haereticis
1151 1269 1312 1301 haberen-

168 1340 230 1364 tur.
281 1331 471 1376 »Denique‚
496 1331 625 1375 inquit,
649 1331 773 1375 cum')
799 1330 914 1362 multis
946 1330 1105 1362 honestae
1138 1330 1242 1369 vitae,
1278 1341 1312 1363 ct

167 1392 319 1434 religiosi
350 1393 520 1437 propositi
552 1393 648 1431 viris,
688 1393 721 1424 in
756 1392 877 1436 quibus
903 1391 987 1424 nihil
1022 1404 1160 1435 prorsus
1192 1393 1310 1437 culpae

166 1442 355 1496 inveniunt,
378 1454 572 1488 inimicitias
596 1463 740 1500 propter
764 1454 828 1486 hoc
852 1454 964 1486 solum
988 1453 1124 1493 habent,
1149 1453 1176 1487 si
1191 1466 1310 1486 eorum

165 1517 322 1561 studia2)
348 1517 435 1550 circa
460 1501 640 1549 memorati
674 1516 735 1548 viri
768 1516 873 1548 libros
904 1513 1108 1560 propensius
1141 1528 1211 1548 esse
1235 1529 1312 1561 per-

165 1579 346 1622 spexerint,
371 1579 569 1612 invidiosius
595 1580 696 1611 etiam
723 1578 782 1611 ista
808 1578 987 1620 fingentes,
1011 1578 1105 1622 quod
1130 1578 1172 1610 ab
1197 1577 1247 1610 his
1275 1577 1309 1610 in

166 1641 245 1672 loco
269 1650 463 1673 sauctorum
488 1642 750 1685 Apostolorum,
776 1640 829 1672 vel
855 1639 1110 1684 prophetarum,
1133 1649 1202 1672 tam
1226 1640 1311 1684 ipse,

167 1715 266 1746 quam
291 1702 379 1735 dicta
405 1702 475 1748 ejus
502 1703 717 1735 habeantur.«
769 1701 876 1734 Addit
908 1701 1013 1745 paulo
1047 1710 1127 1745 post5
1150 1701 1310 1734 indoctos

166 1764 369 1809 plerosque,
403 1779 441 1798 ac
479 1764 511 1796 in
546 1764 830 1805 Origenianorum
861 1762 1077 1796 voluminum
1110 1764 1310 1796 tractatione

166 1825 278 1864 rudes,
304 1826 357 1857 vel
383 1839 495 1858 rerum
521 1826 553 1858 in
588 1826 784 1870 quaestione
816 1824 1004 1869 positarum
1036 1824 1188 1866 ignaros,
1216 1824 1311 1857 inco-

165 1885 254 1926 gnita
294 1896 404 1920 tamen
444 1901 557 1921 caussa
596 1887 837 1920 Adamantium
881 1886 1012 1919 calculo
1049 1899 1110 1918 suo
1151 1886 1309 1918 damnare

168 1949 269 1981 fuisse
294 1950 431 1990 solitos;
457 1950 541 1982 alios
566 1950 692 1981 bonam
719 1950 863 1990 lrugem,
889 1961 953 1993 qua
978 1947 1081 1992 ipsius
1097 1947 1213 1980 referti
1233 1956 1310 1980 sunt
1338 1988 1350 1995 N

167 2010 256 2050 libri,
281 2011 573 2056 praetermittere3
605 2010 704 2043 noxia
737 2023 890 2054 quaeque
923 2020 956 2043 et
987 2008 1215 2042 criminationi
1247 2021 1310 2052 op-

168 2082 314 2115 portuna
339 2074 382 2106 ad
406 2073 570 2106 invidiam
595 2073 782 2105 faciendam
809 2072 989 2114 colligere;
1013 2070 1196 2104 nonnullos
1210 2070 1310 2103 etiam

265 2209 295 2252 ¹)
322 2208 410 2241 Edd.
435 2207 572 2241 Huetii:
599 2221 675 2240 cum
701 2206 817 2239 multis
842 2206 939 2251 liujus
966 2206 1062 2243 vitae.
1089 2215 1121 2238 et
1145 2204 1308 2247 religiosis

163 2253 342 2298 proposito
370 2254 459 2288 viris.
671 2253 708 2297 2)
735 2252 799 2288 Ed.
825 2252 949 2285 Hunni:
975 2251 1136 2285 studium.
