1413 2482
178 78 242 114 192
508 80 620 114 Periti
645 80 817 114 Dimittis
841 80 975 114 flue-ru

176 183 314 216 nymum
339 169 372 202 in
401 168 580 213 epistolam
604 170 644 202 ad
670 170 739 207 Tit,
763 168 796 210 3,
819 169 851 203 9.
886 170 1004 203 »Unde
1029 178 1062 202 et
1085 168 1184 202 nobis
1210 180 1308 201 curae

177 232 241 264 suit
267 244 383 264 omnes
409 231 529 263 veteris
555 231 636 274 legis
660 232 785 271 libros,
810 244 896 275 quos
922 231 972 263 vir
996 231 1116 265 doctus
1143 231 1309 264 Adaman—

177 293 242 325 tius
266 293 299 325 in
324 291 474 336 Hexapla
499 292 691 334 digesserat,
717 294 758 325 de
784 292 991 325 Caesariensi
1015 292 1228 326 Bibliotheca
1253 293 1312 325 de-

176 353 337 398 scriptos,
363 366 401 386 ex
426 353 507 399 ipsis
531 354 730 388 authenticis
755 356 955 397 emendare3
979 354 1012 387 in
1040 354 1160 400 quibus
1184 363 1218 387 et
1241 354 1311 400 ipsa

176 417 331 449 Hebraea
367 415 514 461 propriis
549 425 626 449 sunt
658 416 904 450 characteribus
930 417 1031 449 verba
1062 415 1246 460 descripta,
1279 424 1311 447 et

177 477 316 510 Graecis
342 476 446 510 literis
469 477 601 511 tramite
635 492 786 524 expressa
812 478 936 511 vicino.
986 477 1106 522 Aquila
1131 477 1248 517 etiam,
1279 485 1313 509 et

177 539 415 585 Symmachus,
440 539 543 573 LXX.
569 554 723 586 quoque,
754 551 786 574 et
811 539 1009 573 Theodotio
1034 552 1131 572 suum
1157 538 1312 571 ordinem

179 611 304 635 tenent.
347 602 512 634 Nonnulli
538 616 618 635 vero
645 603 734 643 libri,
760 612 793 636 et
816 602 960 636 maxime
985 601 1030 642 hi,
1056 601 1113 646 qui
1137 601 1227 646 apud
1245 600 1313 633 He-

177 666 296 698 braeos
321 678 419 697 versu
443 664 626 709 compositi
663 675 757 714 sunt,
789 674 855 698 tres
887 664 967 698 alias
993 663 1159 697 editiones
1183 661 1313 695 additas

178 728 311 767 habent,
336 739 435 771 quam
460 725 622 771 quintam,
648 737 680 759 et
704 736 841 768 sextam,
867 737 900 759 et
923 727 1101 771 septimam
1125 723 1314 758 translatio-

177 802 255 821 nem
300 797 439 829 vocant,
476 788 711 822 auctoritatem
747 790 817 822 sine
856 789 1050 835 nominibus
1089 788 1312 831 interpretum

179 859 403 884 consecutas«
454 851 572 895 Itaque
596 851 629 883 in
655 851 714 884 illa
731 851 895 884 variarum
922 850 1110 883 editionum
1136 860 1313 890 coagmen-

178 913 324 953 tatione,
354 911 459 956 aliqui
489 913 567 945 libri
600 922 744 957 quatuor
777 914 936 946 duntaxat
968 912 1165 945 constabant
1190 908 1313 942 editio-

179 975 297 1015 nibus,
336 987 412 1007 cum
437 974 551 1019 Diplis
575 975 769 1016 Hebraicis;
806 984 905 1020 atque
938 974 971 1007 hi
1003 972 1081 1006 libri
1112 981 1204 1006 erant
1235 983 1313 1003 vere

180 1096 311 1133 potest,
342 1100 422 1119 num
455 1096 522 1119 tres
553 1086 605 1119 illi
637 1086 838 1131 interpretes
869 1095 975 1119 totam
1005 1085 1215 1131 Scripturam
1247 1083 1314 1116 sint

179 1142 408 1188 interpretati,
445 1155 485 1175 an
518 1155 571 1175 eas
602 1143 714 1175 solum
746 1153 877 1188 partes,
915 1155 999 1188 quae
1029 1142 1071 1175 ab
1101 1141 1248 1183 Origene
1278 1138 1312 1171 in

182 1200 338 1245 Octaplis
363 1197 532 1232 adhibitae
557 1209 643 1233 sunt.
684 1200 770 1233 Sane
796 1214 872 1233 cum
896 1199 960 1240 illi,
985 1199 1103 1232 saltem
1128 1198 1197 1230 duo
1222 1195 1316 1241 prio-

179 1269 250 1295 res,
281 1255 567 1295 pentateuchum,
600 1255 772 1297 psalmos,
808 1266 841 1289 et
872 1268 910 1288 ex
939 1255 1149 1301 Hieronymo
1181 1254 1250 1286 Job
1282 1261 1316 1285 et

180 1311 385 1353 Proverbia;
434 1325 511 1344 cum
555 1311 636 1344 item
674 1311 829 1354 Cantica,
874 1321 907 1344 et
949 1311 1098 1344 minores
1132 1310 1315 1355 prophetas

180 1367 428 1402 transtulerint:
460 1381 530 1400 non
555 1368 674 1409 video,
709 1368 790 1413 quid
814 1381 929 1401 causae
954 1367 1074 1406 suerit,
1100 1379 1160 1398 cur
1183 1364 1315 1397 medios

183 1426 287 1458 libros
320 1423 514 1463 omiserint,
551 1426 712 1469 quodque
743 1423 846 1466 magis
881 1433 1014 1466 urgeat,
1050 1436 1125 1455 cum
1161 1432 1227 1455 tres
1263 1420 1316 1453 illi

183 1482 385 1526 interpretes
409 1489 446 1512 ut
469 1480 653 1524 plurimum
678 1480 712 1513 in
737 1480 856 1513 iisdem
881 1479 1076 1524 Scripturae
1101 1477 1194 1511 libris
1218 1487 1316 1523 repe-

181 1538 330 1576 riantur,
363 1535 443 1568 licet
474 1537 562 1569 haud
587 1537 689 1570 dubie
715 1536 813 1569 variis
845 1536 879 1568 in
904 1536 987 1569 locis
1011 1534 1226 1580 scripserint,
1257 1547 1317 1567 cur

183 1594 322 1627 eosdem
347 1591 452 1624 libros
471 1605 509 1625 cx
523 1593 692 1626 Hebraico
710 1592 949 1631 converterint,
975 1592 1113 1624 eosdem
1131 1590 1316 1623 omiserint.

182 1651 259 1683 Hoc
292 1658 381 1681 certe
407 1661 516 1694 neque
551 1663 644 1690 casu,
681 1663 789 1695 neque
816 1648 959 1682 consilio
990 1647 1142 1681 accidere
1166 1646 1316 1691 potuisse

183 1707 327 1738 videtur.
375 1705 412 1739 Si
437 1707 659 1751 respondeas,
685 1720 744 1739 cur
768 1719 846 1748 ergo
873 1704 1035 1746 Origenes
1059 1704 1093 1736 in
1117 1703 1317 1748 quibusdam

183 1762 289 1801 libris,
314 1774 384 1793 non
401 1761 434 1793 in
454 1762 621 1803 omnibus,
640 1763 715 1796 illas
733 1762 899 1795 editiones
916 1759 1126 1805 apposuerit:
1153 1771 1317 1804 reponam

186 1831 266 1860 ego,
291 1830 350 1849 cur
373 1816 408 1849 in
433 1817 593 1858 Threnis,
624 1819 692 1851 sive
717 1816 1028 1851 Lamentationibus
1051 1815 1238 1854 Jeremiae,
1262 1827 1317 1847 so-

185 1876 256 1907 lum
272 1873 512 1919 Symmachum
539 1888 615 1907 cum
641 1874 790 1907 editione
813 1876 884 1908 τῶν
905 1870 1156 1916 ἑβδομήκοντα
1181 1870 1317 1910 locavit,

185 1944 262 1965 cum
292 1938 404 1961 tamen
437 1929 559 1974 Aquila
595 1939 627 1962 et
656 1929 877 1962 Theodotion
911 1927 1009 1974 hujus
1041 1927 1136 1967 libri,
1173 1927 1314 1972 perinde

185 1996 284 2031 atque
317 1984 461 2016 aliorum
492 1985 804 2030 interpretationem
837 1985 1089 2025 adornaverint,
1121 1994 1158 2017 ut
1189 1984 1316 2018 ibidem

185 2044 220 2075 in
244 2040 380 2075 Monito
405 2041 598 2084 probamus.
646 2042 734 2075 Hinc
758 2055 834 2075 sane
860 2041 984 2087 liquet,
1016 2054 1054 2074 ex
1078 2041 1139 2074 hac
1164 2041 1318 2084 Origenis

188 2097 371 2131 omissione
404 2097 562 2128 concludi
594 2110 661 2129 non
696 2111 811 2142 posse,
846 2098 920 2130 illas
945 2098 1111 2131 editiones
1141 2111 1210 2131 non
1229 2089 1319 2131 inte-

187 2167 271 2197 gras,
295 2153 354 2186 sed
378 2152 507 2197 aliquos
531 2162 661 2185 tantum
677 2153 861 2186 Hebraicae
875 2155 1069 2200 Scripturae
1093 2154 1199 2188 libros
1224 2167 1318 2187 com-

188 2211 302 2255 plexas
341 2208 453 2241 fuisse.
512 2209 671 2242 Ceterum
714 2223 786 2243 rem
825 2224 892 2243 non
934 2211 1067 2256 penitus
1110 2210 1315 2255 exploratam

189 2266 325 2299 lectoris
350 2265 476 2311 judicio
500 2265 736 2310 permittimus.
748 2280 764 2295 «
815 2268 854 2300 R.
