1422 2472
367 81 679 114 ORIGENJANORUM
704 80 817 113 Lmen
843 79 904 113 111.
1135 80 1198 114 173

75 170 283 216 Hieronymo
307 170 428 202 tributa
453 170 504 209 sit,
529 170 642 202 Rufini
667 179 738 202 astu
757 179 790 201 et
805 169 934 202 vafritie
953 169 1076 202 sactum
1101 178 1200 213 puto,

75 232 131 276 qui
157 232 198 264 ad
223 232 456 264 declinandam
483 231 562 264 facti
594 231 773 273 invidiam,
799 232 910 275 (male
935 230 1061 276 quippe
1085 231 1200 264 audie-

72 295 129 326 bat
157 293 310 335 Origenis
345 293 502 337 nomen,)
529 302 559 325 et
593 292 626 325 in
651 292 915 339 Hieronymum,
948 305 965 324 a
1000 305 1067 336 quo
1098 305 1197 336 saepe

74 355 278 397 Origenismi
304 368 415 388 caussa
441 355 618 398 exagitatus
643 355 770 394 fuerat,
795 354 1050 394 refundendam,
1075 366 1199 386 nomen

73 514 289 559 interpretata
311 526 402 548 sunt:
429 529 512 560 quae
536 526 647 549 autem
672 516 742 549 sine.
763 515 924 556 P1·ologO‚
949 515 989 545 ab
1007 513 1074 545 alio
1094 523 1197 546 trans-

72 561 137 592 lata
161 569 254 600 sunt,
287 560 344 604 qui
368 561 554 603 prologum
592 563 701 594 facere
734 560 861 593 noluit:
900 559 1055 600 Origenis
1087 569 1197 591 autem

72 618 140 637 non
166 605 289 644 omnia,
315 606 391 650 quia
417 616 449 638 et
472 607 697 652 Hieronymus
721 604 890 638 transtulit
913 604 1090 647 aliquanta,
1115 618 1199 648 quae

72 663 132 682 suo
165 650 314 692 Prologo
352 651 620 684 discernuntur.«
680 653 789 684 Porro
829 663 904 681 cum
935 649 1091 690 Prologis
1122 650 1199 681 satis

72 695 333 736 dignosceretur,
363 696 444 740 quid
468 709 484 729 a
509 697 652 736 Rufino,
677 696 756 741 quid
782 696 823 727 ab
848 694 1058 739 Hieronymo
1084 693 1199 726 suisset

71 740 348 783 interpretatum,
379 754 447 773 non
473 741 590 781 video,
622 743 710 773 unde
736 739 849 773 Rufini
880 748 968 771 astus
994 748 1027 770 et
1050 739 1198 771 vafrities

73 784 145 816 erui
176 794 308 828 queant.
354 785 530 818 Praeterea
561 787 588 818 si
614 786 647 818 in
672 786 918 831 Hieronymum
953 796 1069 815 omnes
1098 784 1200 816 inter·

69 830 275 873 pretationes
310 844 385 863 suas
421 832 599 864 refundere
634 831 796 863 voluisset
831 829 992 868 Rufinus,
1032 829 1199 872 numquid

70 884 245 918 tantopere
269 874 342 919 ipse
367 875 571 918 Origenismi
596 890 691 909 causa
715 878 755 908 ab
772 875 982 920 Hieronymo
1009 874 1199 915 exagitatus,

70 919 126 952 has
161 932 224 964 pro
259 920 325 953 suis
361 933 539 963 agnoscere
573 935 644 954 non
679 919 886 954 recusasset?
944 919 1048 963 Atqui
1085 928 1197 951 tamen

70 964 192 997 nullibi
217 965 328 998 foetus
352 980 430 999 suos
455 968 596 1009 denegat
619 968 778 1006 Rufinus,
806 965 877 997 imo
902 964 936 996 in
968 964 1081 1004 libris,
1113 977 1198 1009 quos

69 1010 202 1054 scripsit
226 1011 382 1043 adversus
406 1012 669 1058 Hieronymum,
703 1013 808 1044 libros
841 1013 923 1054 περὶ
950 1010 1090 1053 ἀρχῶν,
1124 1010 1199 1053 plu-

69 1067 190 1099 resque
214 1055 299 1087 alios
323 1069 341 1087 a
365 1069 399 1088 se
422 1059 600 1090 translatos
624 1058 726 1089 fuisse
750 1057 842 1088 ultro
870 1064 901 1087 et
924 1064 1038 1098 aperte
1064 1056 1198 1094 fatetur,

73 1109 105 1132 et
140 1100 174 1131 in
212 1113 269 1132 sua
300 1100 522 1134 peroratione
558 1102 592 1134 in
627 1103 710 1134 hanc
741 1103 782 1133 ad
812 1102 985 1133 Romanos
1018 1099 1198 1143 epistolam

72 1144 223 1177 omnium
253 1144 408 1187 Origenis
436 1146 469 1178 in
503 1147 787 1184 pentateuchum,
820 1145 855 1176 in
879 1146 995 1177 Jesum
1020 1145 1129 1183 Nave,
1164 1144 1198 1176 in

69 1190 219 1228 Judices,
243 1198 277 1221 et
300 1190 333 1222 in
360 1192 522 1235 quosdam
540 1192 692 1224 Psalmos
717 1189 1008 1223 elucubrationum
1033 1189 1199 1233 interpre-

70 1244 138 1267 tem
164 1235 240 1267 satis
265 1247 334 1267 sese
359 1237 555 1280 profitetur,
581 1250 657 1269 cum
680 1235 849 1281 promittit
872 1234 997 1266 ibidem
1023 1247 1093 1266 sese
1119 1247 1200 1266 con-

71 1293 242 1312 versurum
269 1279 451 1313 Clementis
484 1282 607 1321 libros,
639 1283 749 1326 quod,
782 1280 833 1312 vel
859 1279 986 1311 Huetio
1019 1278 1146 1323 judice,
1181 1292 1199 1311 a

72 1325 196 1357 Rufino
220 1325 346 1357 factum
373 1338 442 1358 esse
468 1336 612 1367 constat,
636 1340 703 1359 non
729 1328 769 1358 ab
794 1325 1014 1369 Hieronynm.
1064 1326 1124 1363 At,
1148 1323 1198 1356 in-

70 1370 141 1414 quit
154 1369 306 1409 Huetius,
331 1371 364 1402 in
380 1371 600 1404 Peroratione
625 1373 666 1404 ad
680 1371 875 1403 Heraclium
900 1371 951 1401 bis
971 1369 1197 1415 Hieronymus

71 1414 164 1459 quasi
201 1414 297 1459 hujus
331 1415 494 1459 interpres
533 1430 550 1449 a
580 1418 704 1449 Rufino
739 1417 857 1448 dolose
896 1414 1099 1446 nominatur.
1149 1415 1198 1446 lta

70 1459 206 1504 quidem
244 1461 357 1501 legunt
388 1461 469 1493 editi
508 1471 603 1494 antea
635 1462 728 1501 libri,
765 1461 822 1493 sed
860 1459 1092 1497 librariorum,
1127 1472 1195 1491 non

69 1505 184 1537 Rufini
209 1505 338 1536 vafritie
369 1506 493 1538 sactum
525 1507 611 1539 illud
636 1520 705 1539 esse
739 1506 919 1538 contendo.
968 1505 1005 1539 Si
1031 1504 1119 1535 enim
1144 1517 1196 1545 ge-

71 1550 170 1581 nuina
194 1549 275 1582 haec
301 1559 386 1582 esset
411 1551 524 1591 lectio,
551 1565 667 1584 omnes
685 1553 764 1584 Mss.
783 1551 904 1589 Codd.‚
929 1549 1028 1581 etiam
1053 1549 1114 1588 illi,
1140 1549 1197 1593 qui

70 1595 229 1626 Rufinum
253 1594 350 1641 hujus
374 1595 660 1640 interpretationis
677 1606 849 1629 auctorem
868 1594 1198 1636 agnoscunt,Hier0-
1225 1620 1233 1630 ,

71 1640 161 1685 nymi
183 1653 309 1673 nomen
334 1651 512 1674 servarent.
562 1642 665 1687 Atqui
691 1652 800 1674 tamen
817 1641 924 1674 Codd.
952 1639 1058 1671 nostri
1075 1639 1197 1671 Hiero-

70 1685 161 1730 nymi
194 1685 272 1718 loco
298 1686 458 1718 Rufinum
492 1687 616 1732 ubique
642 1687 840 1724 restituunt,
876 1694 909 1717 et
939 1684 984 1717 ita
1017 1685 1195 1725 legendum

71 1742 139 1762 esse
165 1730 347 1763 certissime
373 1732 603 1764 demonstrant
628 1742 698 1765 tum
726 1731 804 1763 libri
830 1730 993 1771 origenis,
1019 1739 1091 1761 tum
1117 1729 1194 1761 libri

71 1774 257 1808 Clementis
291 1775 416 1808 ibidem
452 1777 650 1817 memorati,
686 1790 770 1822 quos
803 1790 820 1809 a
854 1775 976 1807 Rufino
1015 1787 1196 1807 conversos

69 1819 169 1852 fuisse
195 1829 334 1854 constat.
379 1822 537 1866 Denique
561 1823 587 1855 si
612 1832 678 1855 tam
703 1832 817 1866 aperte
836 1821 1079 1865 Hieronymum
1104 1819 1197 1864 quasi

70 1864 166 1910 hujus
191 1866 301 1910 operis
325 1866 544 1910 interpretem
571 1867 803 1900 fraudulenter
826 1865 1024 1905 designasset
1042 1865 1195 1905 Rufinus,

69 1910 232 1954 numquid
256 1911 339 1943 hanc
364 1912 529 1945 fallaciam
553 1913 735 1954 ignorasset
749 1910 996 1956 Hieronymus?
1022 1910 1196 1954 Numquid

67 1967 136 1986 non
159 1955 393 1990 reclamasset?
438 1957 536 1990 Unde
561 1959 598 1990 fit
621 1958 738 2000 igitur,
762 1967 799 1989 ut
822 1965 956 1989 sanctus
981 1955 1113 1994 doctor,
1138 1955 1195 1999 qui

69 2012 110 2031 ne
143 2000 318 2033 minimum
347 2002 483 2046 quidem
516 2003 640 2036 Rufino
674 2004 894 2041 condonavit,
927 2001 1009 2031 lianc
1042 2000 1195 2031 fraudem

71 2054 182 2076 tamen
213 2046 334 2078 nullibi
366 2047 584 2080 criminetur?
635 2049 751 2080 Nolim
789 2061 866 2089 ergo
900 2045 1059 2077 Rufinum
1097 2044 1194 2089 hujus

69 2090 208 2122 dolosae
232 2091 308 2123 artis
332 2105 498 2132 accusare,
525 2106 622 2137 quam
640 2106 702 2125 nec
719 2094 789 2138 ipse
805 2091 933 2137 uspiam
951 2090 1055 2131 arguit
1073 2089 1195 2121 Hiero-

68 2147 197 2179 nymus,
221 2148 282 2167 nec
306 2137 395 2170 ullus
421 2138 504 2170 alius
522 2147 655 2182 praeter
672 2139 850 2171 Huetium:
877 2150 913 2169 ac
931 2136 1073 2180 proinde
1091 2134 1194 2176 magis

68 2180 232 2212 adhaereo
257 2180 386 2214 Erasmi
415 2183 617 2222 sententiae,
650 2185 707 2228 qui
737 2182 906 2225 mangonii
939 2180 1091 2213 librarios
1116 2179 1194 2211 insi-

67 2225 214 2265 mulans,
245 2225 286 2257 ad
312 2236 456 2260 emtores
488 2229 685 2261 alliciendos
711 2238 918 2273 praetextum
944 2227 984 2258 ab
1007 2226 1046 2258 iis
1071 2225 1192 2258 Hiero-

67 2270 156 2315 nymi
180 2283 303 2302 nornen
329 2271 516 2305 arbitratur.
567 2275 602 2306 R,
