1413 2482
196 62 263 100 128
527 63 641 97 Pmu
665 63 835 98 Dabimus
868 63 999 99 Hunni

193 153 320 196 gesimo
346 162 438 186 sexto
464 151 674 187 Philocaliae
707 153 816 199 capite
848 155 1073 189 continentur.
1120 157 1160 190 ln
1191 157 1337 190 eundem

191 225 366 259 praeterea
397 214 542 256 librum,
575 225 608 248 et
636 215 671 249 in
694 215 884 249 Leviticum
915 216 1082 263 Excerpta
1113 230 1173 252 seu
1197 218 1337 253 Scholia

191 276 363 322 scripsisse
389 289 467 310 eum
491 277 595 311 tradit
612 277 841 325 Hieronymus
869 280 961 324 ¹apud
977 279 1149 314 Rufinum.
1168 281 1199 327 ¹)
1237 282 1337 315 Duo-

192 339 350 385 decim2)
382 352 464 373 vero
495 328 729 374 Homilmh
760 341 913 386 priorem
943 342 1031 376 hunc
1065 342 1260 388 Scripturae
1295 345 1337 378 li-

189 402 308 443 brum,
345 401 514 436 sexdecim
551 402 587 436 in
617 412 832 449 postremum
868 403 1010 438 Rufinus
1040 405 1159 439 Latine
1195 407 1337 442 refudit.

189 465 296 498 Aliud
320 478 359 499 ex
383 464 536 499 Romilia
566 466 714 500 secunda
744 465 780 499 in
805 466 997 502 Leviticum
1027 468 1253 511 fragmentum
1277 469 1336 503 ha-

189 529 288 562 betur
311 528 521 562 Philocaliae
545 528 659 575 primo
687 529 814 575 capite,
847 529 940 578 cujus
965 543 1007 564 ne
1041 530 1172 577 apicem
1198 532 1337 578 quidem

188 591 224 625 in
248 591 401 626 Homilia
423 591 546 626 latinae
572 591 733 626 editionis
756 593 913 634 secunda,
937 592 1055 628 aliisve
1078 593 1239 640 reperias.
1285 595 1336 628 Ex

190 668 258 701 quo
284 654 383 688 facile
407 654 584 689 intellectu
609 665 667 697 est,
692 656 807 702 piures
833 668 971 703 quoque
994 656 1029 690 in
1053 657 1242 692 Leviticum
1263 657 1337 692 Ho-

188 716 361 752 miliarum
389 717 609 752 collectiones
633 715 761 753 fuisse.¹
795 719 880 763 111³)
906 733 944 754 ex
970 733 1011 754 eo
1037 718 1136 753 etiam
1160 720 1335 766 probatur,

189 782 283 828 quod
319 794 396 815 cum
426 781 579 816 Homilia
603 781 634 817 4.
666 795 767 816 num„
785 782 816 819 6.
858 783 946 832 dicat
978 783 1164 826 Origenes,
1200 795 1236 816 se
1267 782 1335 829 jam

187 857 288 889 supra
315 844 358 877 de
382 843 478 878 lineis
495 844 644 879 vestibus
660 858 760 892 saepe
780 845 894 888 egisse,
921 855 954 880 et
970 844 1121 880 Humilia
1133 844 1164 880 6.
1188 858 1283 879 num.
1301 845 1333 880 5.

187 906 328 954 sparsim
352 920 387 940 se
412 916 444 941 et
469 919 568 952 saepe
584 907 626 940 de
647 907 901 942 consecratione
917 907 1101 943 sacerdotis
1121 916 1154 941 et
1170 907 1332 942 unctione

187 969 397 1012 disseruisse,
429 969 512 1003 nihil
536 978 650 1003 tamen
681 968 849 1016 ejusmodi
880 971 914 1004 in
940 970 1171 1017 superioribus
1194 969 1331 1016 penitus

187 1042 304 1068 exstet.
347 1033 400 1066 An
426 1045 464 1065 ex
479 1031 639 1071 Homiliis
662 1041 774 1065 autem
800 1032 1087 1078 extemporalibus
1112 1033 1332 1079 depromtum

185 1096 229 1130 sit
251 1096 477 1139 fragmentum
501 1094 591 1128 istud
609 1093 929 1139 primiPhilocaliae
949 1094 1066 1140 capitis
1083 1107 1122 1128 ex
1135 1094 1287 1129 Humilia
1299 1095 1330 1131 2.

185 1157 221 1191 in
236 1157 437 1198 Leviticum,
460 1169 503 1190 an
527 1170 566 1190 ex
591 1156 770 1190 elaboratis
795 1170 856 1202 per
881 1156 1000 1198 otium,
1026 1157 1217 1203 (utriusque
1242 1157 1332 1191 enim

184 1219 314 1263 generis
354 1219 521 1253 Homilias
567 1219 759 1265 profudisse
800 1218 984 1262 origenem
1025 1220 1331 1254 demonstrabimus

184 1283 299 1328 infra,)
324 1283 492 1316 incertum
518 1291 577 1315 cst.

275 1346 415 1379 Praeter
428 1345 461 1390 ⁴)
480 1344 647 1378 Homilias
666 1354 745 1378 octo
764 1353 796 1377 et
816 1343 932 1386 viginti
950 1343 983 1377 in
997 1345 1177 1385 Numeros,
1192 1344 1330 1378 Scholia

281 1482 314 1528 ¹)
341 1481 410 1516 Csr.
435 1480 548 1515 Rusio.
575 1480 701 1513 Invect.
729 1479 804 1512 libr.
831 1480 849 1514 1
877 1489 910 1513 et
933 1479 966 1515 2.

278 1541 312 1585 ²)
347 1538 397 1572 Ex
434 1537 485 1571 his
522 1536 660 1582 quidem
696 1535 879 1569 duodecim
915 1545 1045 1568 tantum
1083 1547 1329 1571 commemorat

184 1585 376 1620 cassiodor.
403 1584 444 1617 de
471 1582 615 1617 institut.
643 1581 748 1616 divin.
764 1581 898 1621 literar.
925 1594 998 1627 cap.
1015 1583 1057 1622 1.,
1081 1582 1140 1615 sed
1164 1583 1328 1617 tredecim

182 1631 285 1665 hodie
310 1638 508 1675 supersunt,
532 1640 617 1674 quae
641 1640 660 1661 a
684 1626 837 1667 nemine,
863 1628 956 1673 quod
979 1627 1103 1669 sciam,
1125 1628 1160 1661 in
1185 1629 1328 1662 dubium

182 1685 396 1711 revocantur.
444 1674 534 1708 Hinc
558 1674 716 1719 apparet,
747 1672 854 1706 varias
880 1685 994 1706 earum
1019 1672 1103 1706 olim
1127 1673 1232 1708 fuisse
1257 1674 1328 1708 col—

181 1722 358 1756 lectiones.
411 1720 551 1766 Duplex
582 1732 622 1752 ex
660 1718 813 1753 Humilia
837 1718 927 1752 V111.
965 1719 1191 1761 fragmentum
1226 1720 1328 1754 affert

180 1769 285 1803 Jonas
305 1766 553 1800 Aurelianensis
579 1764 757 1810 episcopus
783 1764 842 1797 lib.
861 1764 886 1799 l.
912 1764 954 1797 de
978 1763 1191 1798 institutione
1217 1765 1326 1798 laicali

183 1827 258 1859 cap.
285 1812 355 1853 19.‚
391 1821 425 1845 et
456 1810 608 1857 ejusdem
641 1809 719 1843 libri
752 1822 824 1854 cap.
851 1808 922 1851 13.;
953 1809 1098 1843 alterum
1131 1809 1264 1844 exhibet
1288 1824 1327 1844 ex

180 1858 333 1893 Romilia
347 1857 390 1891 X.
426 1856 481 1890 De
507 1855 653 1889 Scholiis
677 1868 758 1888 vero
784 1855 818 1888 in
842 1854 999 1888 Exodum
1026 1864 1060 1888 et
1083 1855 1118 1888 in
1134 1855 1326 1889 Leviticum

179 1904 266 1938 nihil
296 1902 398 1936 hodie
429 1910 599 1947 superest,
635 1899 700 1934 nisi
732 1901 821 1933 sorte
855 1899 985 1945 aliquid
1016 1899 1095 1933 inde
1129 1911 1325 1946 excerptum

179 1950 325 1983 habeant
358 1949 524 1993 ἐκλογαί,
559 1958 644 1992 quae
675 1947 737 1979 sub
763 1944 919 1987 Origenis
953 1944 1092 1978 nomine
1122 1945 1157 1979 in
1190 1945 1324 1980 Catenis

180 1993 319 2030 Graecis
342 1993 424 2028 Mss.
450 1991 751 2032 circumferuntur,
782 2002 931 2036 quasque
963 1989 997 2023 in
1027 2000 1142 2025 nostra
1173 1991 1325 2026 editione

180 2049 479 2088 repraesentamus.
527 2037 569 2071 R.

274 2095 374 2142 ³)1d
405 2094 506 2126 etiam
538 2105 577 2125 ex
613 2104 653 2124 eo
688 2092 869 2137 probatur,
908 2093 1000 2137 quod
1029 2093 1134 2127 Jonas
1169 2094 1322 2128 Aurelia-

180 2142 293 2176 nensis
319 2141 497 2187 episcopus
523 2137 582 2171 lib.
609 2138 634 2171 Ῑ.
661 2138 702 2169 de
728 2137 870 2170 institut.
897 2137 1006 2171 laicali
1032 2151 1103 2184 cap.
1130 2139 1161 2173 5,
1188 2152 1225 2172 ex
1250 2139 1322 2172 Ho-

178 2188 274 2222 milia
298 2188 323 2222 Ι.
348 2187 572 2229 fragmentum
599 2183 744 2223 exhibet,
769 2184 861 2228 quod
886 2183 1070 2217 hodiernae
1095 2184 1262 2218 editiones
1286 2185 1321 2217 in

180 2234 327 2267 secunda
353 2241 480 2266 tantum
505 2237 763 2274 repraesentant.
814 2228 854 2263 R.

275 2290 307 2335 ⁴)
328 2288 479 2333 'friginta
492 2285 645 2328 Origenis
663 2286 695 2318 in
709 2284 876 2318 Numeros
889 2285 1056 2319 Homilias
1074 2296 1319 2321 commemorat
