1422 2472
378 75 692 108 Onmssmmonum
715 75 830 108 Lmen
854 75 916 108 ΙΙΙ.
1147 74 1211 109 187

83 164 155 206 16.;
179 165 272 208 quod
298 165 339 197 de
355 167 458 212 κοινῇ
477 173 566 198 certe
592 164 659 197 dici
683 177 751 196 non
775 172 898 208 potest.
936 164 1087 209 Hexapla
1111 164 1213 206 igitur

81 225 139 258 illa
165 225 332 267 Origenis,
355 226 424 259 sive
450 226 605 271 Octapla‚
631 238 715 270 quae
740 225 773 258 in
799 225 872 258 aliis
897 225 1092 270 Scripturae
1117 226 1212 258 libris

81 298 136 319 sex
162 286 298 319 Graecis
324 289 518 321 constabant
543 287 766 326 editionibus,
795 296 924 331 septem
950 288 983 319 in
1008 287 1096 320 libro
1119 287 1212 320 Psal-

80 361 217 381 morum
258 348 485 382 continebant.
533 350 584 381 Ita
622 349 843 393 postmodum
879 348 996 381 scribit
1029 348 1209 381 Eusebius:

86 409 226 449 Ταύτας
250 411 290 445 δὲ
323 409 468 450 ἁπάσας
492 411 553 445 ἐπὶ
584 409 716 446 ταύτὸν
741 409 982 456 συναγαγών,
1015 409 1145 445 διελών
1176 423 1212 445 τε

80 470 172 518 πρὸς
200 474 334 515 κῶλον,
367 475 428 506 καὶ
453 471 714 517 ἀντιπαραθεὶς
749 470 916 515 ἀλλήλαις
941 470 1033 517 μετὰ
1058 463 1120 505 {aaz
1144 471 1213 506 αὗ-

82 536 142 577 ·ιῆς
165 536 237 568 τῶν
249 532 427 580 Ἐβραίων
451 532 690 580 σημειώσεως,
717 533 759 568 τὰ
785 536 857 568 τῶν
880 531 1212 578 λεγομένωνἙξα-

82 596 186 629 πλῶν
219 593 310 640 ἡμῖν
345 593 555 641 ἀντίγραφα
593 595 918 641 παραλέλοιπεν.1)
979 594 1102 627 Sensus
1145 604 1211 628 est:

83 655 170 688 »Has
196 668 312 688 omnes
337 669 414 687 cum
437 656 470 688 in
495 669 600 689 unum
625 655 871 702 conjunxisset,
905 665 938 688 et
967 668 1030 700 per
1055 656 1128 688 cola
1162 657 1212 688 di-

79 716 256 757 stinxisset,
279 725 314 749 et
337 716 483 750 invicem
508 718 732 762 opposuisset,
757 730 823 750 una
848 730 924 749 cum
948 717 1108 750 Hebraici
1132 730 1212 750 con-

79 787 187 810 textus
210 777 411 824 adjectione,
436 779 668 824 Hexaplorum
691 779 790 812 nobis
813 779 1018 823 exemplaria
1038 778 1209 823 reliquit.«

79 839 235 873 Diximus
249 842 488 885 σημειοῦσθαι
504 840 539 873 id
555 853 643 874 esse:
671 840 864 885 »Scriptum
888 840 1029 885 aliquod
1053 841 1094 873 ad
1120 840 1212 873 aliud

79 901 243 947 adjicere;
272 902 352 935 inde
377 905 590 946 σημείωσις·
632 902 776 947 »scripti
805 902 947 947 alicujus
971 903 1013 934 ad
1037 902 1130 934 aliud
1155 903 1212 934 ad-

78 962 214 1007 jecti0.«
265 964 379 1008 ltaque
401 962 580 1008 Ἑβραίων
604 969 816 1010 σημείωσις,
843 974 893 996 est
916 963 1076 996 Hebraici
1103 976 1212 995 exem-

78 1024 182 1069 plaris
205 1025 247 1057 ad
263 1025 410 1070 reliquas
434 1025 726 1070 interpretationes
750 1025 932 1069 appositio.
969 1026 1062 1059 Haec
1077 1035 1212 1070 praeter

81 1085 267 1128 legitimam
291 1086 491 1119 sententiam
515 1099 534 1119 a
557 1086 729 1119 nonnullis
753 1087 820 1119 alio
846 1087 980 1120 detorta
1004 1096 1090 1119 sunt.

170 1147 299 1192 Post²)
335 1148 505 1193 Hexapla,
543 1161 581 1180 ex
618 1157 765 1193 quatuor
800 1147 1021 1189 editionibus,
1060 1147 1213 1192 Aquilae,

81 1208 291 1254 Symmachi,
322 1208 530 1253 septuaginta
559 1209 801 1253 interpretum,
833 1219 866 1242 et
889 1209 1140 1241 Theodotionis
1169 1209 1212 1242 si-

81 1270 153 1303 mul
178 1269 364 1315 conjunctis
389 1279 422 1302 et
452 1270 638 1314 oppositis,
670 1271 832 1315 Tetrapla
864 1270 1022 1303 conflavit
1047 1271 1214 1304 Adaman-

81 1332 158 1372 tius,
181 1341 219 1364 ut
240 1332 344 1365 tradit
357 1332 534 1371 Eusebius,
560 1341 594 1364 et
616 1342 693 1376 post
717 1332 815 1364 illum
830 1333 990 1366 Zonaras,
1026 1334 1097 1365 Nec
1122 1333 1211 1366 enim

81 1393 175 1426 aliud
205 1402 326 1426 sonant
360 1394 442 1426 haec
465 1393 605 1426 Eusebii
629 1395 745 1426 verba:
783 1395 929 1437 ἴδίως3)
961 1393 1026 1437 τὴν
1048 1393 1208 1440 Ἀκὺλου,

80 1458 142 1490 καὶ
164 1454 391 1502 Συμμάχου,
424 1457 485 1489 καὶ
513 1456 758 1494 Θεοδοτίωνος
789 1457 936 1490 ἔκδοσιν
966 1454 1042 1501 ἅμα
1067 1459 1108 1504 τῇ
1139 1460 1212 1491 τῶν

81 1515 330 1564 ἑβδομήκοντα
347 1517 386 1551 ἐν
402 1521 476 1555 τοῖς
493 1519 714 1562 Τετραπλοῖς
737 1516 1083 1560 ἑπικατασκευάσας,
1110 1532 1210 1562 quam

82 1592 158 1612 eum
183 1588 261 1624 post
284 1578 455 1623 Hexapla,
487 1591 526 1610 ex
560 1578 611 1611 his
645 1587 791 1622 quatuor
821 1577 1026 1611 editionibus
1052 1580 1212 1625 Tetrapla

80 1653 232 1673 seorsum
265 1641 488 1684 compegisse3
518 1653 587 1672 non
614 1652 692 1671 vero
718 1639 752 1670 in
785 1639 954 1683 Tetraplis
985 1653 1137 1684 seorsum
1162 1642 1212 1675 di-

81 1710 203 1744 gestas,
240 1710 273 1734 et
306 1701 485 1746 separatim
519 1701 676 1733 discretas
707 1700 807 1733 fuisse
839 1700 982 1743 singulas
1013 1701 1213 1748 interpreta-

179 1813 212 1857 ¹)
237 1813 324 1846 Edd.
348 1813 485 1852 Euseb.,
509 1826 539 1846 v.
566 1826 593 1845 c.
620 1813 672 1845 ed.
696 1811 894 1845 Heinichen.
918 1817 1189 1850 καταλέλοιπεν.

177 1869 210 1912 ²)
236 1868 380 1901 Huetius
409 1868 504 1900 nixus
528 1867 667 1901 Eusebii
698 1868 914 1909 testimonio,
947 1869 1040 1914 cujus
1072 1873 1212 1905 verbum

84 1922 415 1962 ἐπικατασκευάσας
444 1924 532 1956 male
558 1924 675 1964 vertit,
707 1924 867 1970 Hexaplis
896 1925 1084 1969 posteriora
1108 1927 1211 1960 fuisse

84 1977 243 2022 Tetrapla
277 1979 443 2024 opinatur.
492 1980 560 2013 Sed
598 1981 802 2013 contrarium
840 1980 963 2013 evincit
1000 1982 1212 2016 doctissimus

84 2040 199 2064 noster
222 2033 266 2066 D.
290 2034 479 2068 Bernardus
513 2036 554 2068 de
579 2037 803 2069 Montfaucon
834 2037 868 2069 in
899 2036 967 2070 suis
995 2037 1212 2071 praelimina-

85 2087 178 2120 ribus
208 2087 242 2121 in
265 2089 415 2134 Hexapla
449 2091 604 2133 Origenis
633 2105 706 2136 pag.
731 2092 781 2133 9.‚
815 2093 875 2125 ubi
900 2094 1003 2125 verbo
1037 2094 1212 2129 ἐπικατα-

56 2141 60 2143 ’
87 2141 263 2182 σκευάσας
286 2145 472 2187 legitimum
488 2159 621 2180 sensum
638 2139 796 2183 restituit.
841 2148 950 2195 Hujus
966 2148 1112 2184 rationes
1127 2151 1213 2187 infra

86 2199 290 2232 adducemus
315 2213 385 2245 cap.
403 2202 460 2235 lV.
485 2204 638 2236 num.11.
686 2204 726 2236 R.

180 2256 215 2299 ³)
241 2255 309 2289 Csr.
335 2255 459 2290 Euseb.
483 2257 570 2292 Hist.
595 2259 677 2293 eccl.
701 2259 760 2293 lib.
781 2260 837 2293 VI.
862 2273 934 2304 cap.
953 2259 1005 2295 16.
