1422 2472
343 88 411 112 rno
439 78 606 112 Omcssxn
635 78 854 110 Anaxosmo.
1103 79 1169 114 ¹283

32 171 66 203 in
89 169 201 215 primo
226 168 366 202 Eusebii
392 167 479 201 libro
514 167 698 208 contineri,
737 168 843 200 modo
870 166 941 214 ejus
966 168 1169 214 scriptorem

32 233 73 265 de
97 231 173 276 ipso
197 231 337 266 Eusebii
369 231 456 264 libro
479 230 643 275 quaedam
673 230 885 264 immutasse:
917 232 1024 265 modo
1054 244 1168 265 sensus

32 295 189 327 duntaxat
212 294 424 333 immutasse,
447 293 552 326 modo
577 292 649 338 ipsa
673 293 867 326 testimonia
890 293 1110 334 subtraxisse,
1136 303 1170 327 ct

31 356 95 389 alia
120 356 347 389 substituisse:
372 356 477 388 modo
502 368 627 400 pauca,
658 355 764 388 modo
789 356 916 388 multa:
940 356 1045 389 modo
1073 356 1168 390 deni-

31 431 96 463 que
121 418 155 451 in
180 418 250 463 ipsa
275 418 389 451 Rufini
413 418 529 450 Latina
553 417 834 462 interpretatione
852 418 958 451 multa
983 418 1168 452 etiamnum

30 481 196 521 scandala,
221 490 254 514 et
279 480 501 525 apertissimas
525 479 749 525 blasphemias
774 480 926 525 reperiri,
949 481 1055 513 modo
1070 481 1169 514 Pam-

31 542 164 587 philum
189 543 355 577 Nicaenae
379 542 460 576 fidei
483 555 546 587 per
571 556 644 576 eam
670 542 805 575 ostendi
829 543 1054 575 defensorem.
1099 541 1171 576 Un-

32 605 208 650 dequaque
231 618 302 638 sese
328 615 436 639 versat
458 615 590 639 sauctus
615 606 747 645 doctor,
774 604 887 637 omnia
910 614 1038 645 movet,
1060 617 1103 638 ne
1128 604 1170 638 li-

30 668 91 699 ber
115 667 168 700 hic
191 667 364 714 Pamphili
387 668 438 701 sit.
499 667 603 713 Atqui
626 676 738 700 tamen
762 679 831 699 non
854 676 990 712 poterat
1013 667 1169 710 ignorare

30 729 142 774 ipsum
166 731 370 773 Eusebium,
396 729 489 776 cujus
513 731 637 774 scripta
660 728 791 762 assidue
816 738 1023 770 versaverat,
1047 729 1082 763 in
1106 744 1167 764 suo

31 791 158 825 Histor-
182 792 311 826 Eccles.
338 793 397 826 lib.
422 793 478 826 VI.
505 805 577 837 cap.
603 791 669 833 33„
693 800 809 837 aperte
834 792 963 833 testari,
987 805 1005 825 a
1029 805 1064 826 se
1089 802 1124 826 et
1150 806 1169 826 a

31 864 242 888 sacrosancto
267 865 412 902 martyre
448 854 629 900 Pamphilo
662 854 928 900 Apologeticum
958 868 1023 900 pro
1049 855 1167 898 Orige-

30 917 80 950 nis
103 917 312 951 Defensione
338 918 512 950 communi
535 916 649 950 studio
670 926 769 963 atque
789 930 893 963 opera
908 916 1050 964 junctim
1067 917 1168 951 fuisse

32 979 259 1020 elaboratum,
292 980 447 1025 adeoque
478 979 684 1024 Apologiam
709 979 795 1013 hanc
819 982 881 1013 sub
905 980 1045 1014 nomine
1069 981 1169 1014 Pam-

29 1041 115 1087 phili
139 1055 157 1075 a
181 1043 305 1076 Rufino
332 1043 467 1082 editam,
493 1054 594 1087 quam
620 1054 690 1074 esse
715 1042 840 1075 fatetur
864 1042 1093 1089 Hieronymus
1117 1043 1170 1088 ip-

31 1114 177 1137 summet
206 1105 346 1138 Eusebii
375 1104 523 1150 primum
555 1104 734 1145 volumen,
773 1117 842 1138 esse
873 1105 1045 1150 Pamphili
1067 1105 1169 1139 simul

31 1177 64 1200 et
87 1167 236 1202 Eusebii.
284 1168 427 1201 Videtur
451 1180 530 1209 ergo
556 1166 784 1214 Hieronymus
818 1167 897 1200 ideo
930 1169 1071 1201 eandem
1102 1169 1170 1202 soli

30 1224 180 1263 Eusebio
205 1229 431 1275 adscripsisse,
457 1228 535 1274 quia
547 1229 700 1269 Rufinus,
726 1229 780 1262 cui
800 1239 882 1263 tunc
896 1230 1071 1274 temporis,
1099 1244 1167 1276 quo

29 1293 112 1325 haec
143 1292 326 1333 scribebat,
357 1304 428 1324 non
459 1291 569 1324 minus
603 1304 702 1336 quam
736 1292 876 1334 Origeni
907 1301 978 1326 erat
1006 1292 1168 1334 infensus,

30 1356 97 1389 soli
119 1355 302 1400 Pamphilo
328 1355 568 1400 adscripserat3
605 1365 638 1389 et
668 1355 748 1388 ideo
772 1355 922 1389 Eusebio
954 1355 1021 1388 soli
1044 1355 1169 1390 iterum

30 1419 263 1464 adscripsisse,
306 1428 345 1451 ut
376 1431 449 1451 eam
481 1418 606 1452 Ariana
636 1428 732 1464 peste
757 1431 827 1452 esse
851 1418 1012 1452 infectam
1036 1419 1168 1454 facilius

29 1482 266 1527 persuaderet,
290 1481 474 1526 Rufinique
498 1481 580 1514 fidei
605 1491 638 1514 et
661 1481 856 1514 auctoritati
881 1482 1003 1515 certius
1030 1483 1169 1525 deroga-

30 1554 92 1578 ret.
140 1545 211 1578 Sed
234 1543 470 1589 nihilproficit
494 1553 627 1577 sanctus
652 1544 774 1577 doctor
799 1553 917 1577 contra
932 1544 1169 1579 auctoritatem

30 1607 134 1652 ipsius
157 1606 315 1647 Eusebii,
345 1605 513 1649 Socratis,
549 1606 721 1654 Anonymi
755 1619 773 1639 a
803 1607 846 1639 R.
878 1606 916 1640 P.
947 1607 1046 1652 Lupo
1073 1608 1168 1649 editi,

30 1671 156 1712 Phofii,
180 1680 213 1704 et
238 1679 449 1710 ceterorum,
477 1669 534 1715 qui
559 1670 644 1702 hanc
670 1668 852 1714 Pamphilo
877 1668 979 1702 simul
1003 1664 1169 1703 Eusebio-

32 1747 97 1780 que
121 1733 333 1780 adjudicant3
359 1741 391 1765 et
415 1732 491 1765 satis
516 1731 615 1765 nobis
641 1741 702 1773 est,
725 1732 947 1777 praecipuum
973 1733 1086 1778 operis
1111 1747 1169 1767 au-

32 1806 161 1830 ctorem
184 1795 402 1841 Pamphilum
427 1796 468 1828 ab
485 1795 634 1828 Eusebio
654 1805 687 1828 et
708 1795 833 1828 Photio
860 1795 1006 1838 agnosci,
1030 1805 1067 1829 ut
1092 1796 1168 1830 nul-

31 1860 77 1894 las
103 1860 137 1893 in
162 1873 202 1893 co
227 1858 452 1904 blasphemias
481 1857 640 1891 exstitisse
665 1857 863 1904 judicemus.

121 1923 180 1956 IX.
227 1923 344 1955 Restat
374 1921 456 1968 jam,
494 1930 531 1954 ut
562 1921 690 1966 aliquid
722 1922 764 1954 de
790 1920 908 1954 ceteris
934 1921 1084 1967 quinque
1109 1924 1167 1956 de-

32 1985 173 2030 perditis
205 1986 298 2019 libris
328 1985 489 2018 dicamus.
538 1985 695 2018 Socrates
727 1985 761 2017 in
796 1997 836 2017 eo
864 1994 1040 2025 contextu,
1065 1999 1165 2031 quem

32 2061 132 2093 supra
155 2048 325 2081 attulimus
351 2061 389 2080 ex
414 2047 484 2093 ejus
510 2048 637 2084 Histor.
662 2048 794 2081 lib.IlI.
821 2061 892 2092 cap.
908 2047 938 2081 7.
965 2048 1166 2090 deffinitum,

33 2111 78 2143 ait
109 2111 325 2155 Pamphilum
358 2120 391 2143 et
413 2111 598 2144 Eusebium
631 2110 733 2144 simul
759 2110 892 2156 junctos
918 2110 1021 2143 vitam
1047 2111 1167 2154 Orige-

32 2172 83 2206 nis
108 2172 141 2205 in
168 2184 204 2204 ea
230 2173 396 2217 Apologia
422 2172 679 2218 conscripsisse,
706 2183 737 2206 et
762 2173 809 2206 ibi
835 2174 1021 2206 ostendisse
1047 2174 1166 2217 Orige-

32 2248 119 2275 nem,
147 2235 204 2279 qui
229 2234 262 2267 in
288 2235 441 2268 omnibus
457 2236 549 2269 libris
567 2236 634 2270 suis
653 2236 823 2270 Christum
841 2236 1013 2269 hominem
1039 2237 1164 2271 factum

33 2298 140 2332 anima
165 2297 354 2345 praeditum
382 2310 450 2331 esse
476 2299 634 2343 agnoscit,
658 2299 850 2348 specialiter
873 2299 906 2333 in
932 2312 1022 2334 nono
1050 2298 1162 2335 Temo
