1413 2482
169 83 235 118 202
504 82 616 114 Parni
642 81 815 115 omnus
839 81 970 115 Ηυιτιι

170 174 320 208 (lotionis
343 184 522 212 assumens,
546 181 584 204 ut
608 179 832 215 componeret
855 171 1047 210 volumina,
1074 183 1158 216 quae
1182 171 1302 216 appel-

171 237 282 269 {antur
304 234 486 279 Hexapla.‹1
535 233 624 266 Tum
655 231 843 277 subjungit:
884 231 1002 276 »Quia
1033 233 1245 277 frequenter,
1273 231 1301 265 si

172 296 356 342 disputatio
386 295 579 334 accidisset,
617 294 677 333 vel?
708 293 886 326 immutata
923 306 994 326 esse
1030 293 1216 338 aliquanta,
1249 294 1301 326 vel

173 360 306 397 deesse,
353 358 406 389 vel
453 358 623 390 abundare
675 355 708 387 in
759 354 882 388 nostris
930 354 1115 399 Scripturis
1161 355 1304 388 mentie-

173 422 312 460 bantur,
347 418 457 452 voluit
487 418 651 460 Origenes
683 416 807 450 nostris
844 417 1042 457 ostendere,
1073 417 1181 462 qualis
1214 418 1306 462 apud

170 482 320 515 Judaeos
345 481 596 526 Scripturarum
622 478 724 512 lectio
749 487 937 519 teneretur,
961 486 996 511 et
1019 478 1053 510 in
1077 478 1226 523 propriis
1249 490 1309 523 pa·

173 544 274 587 ginis,
309 544 363 576 vel
394 542 605 583 columellis,
639 541 807 574 editiones
831 552 950 573 eornm
982 539 1128 582 singulas
1159 553 1309 586 quasque

174 605 370 650 descripsit3
406 614 439 637 et
468 617 523 643 ea,
556 616 639 648 quae
664 603 754 647 apud
791 602 870 635 illos
895 611 972 635 sunt
1001 602 1133 642 addita,
1168 603 1220 634 vel
1252 603 1311 635 de-

175 676 308 712 cerpta,
339 665 438 699 certis
468 665 657 710 quibusque
689 663 789 705 signis
819 664 961 704 additis,
991 664 1034 697 ad
1066 663 1310 696 versicuiorum

175 729 285 774 capita
309 727 510 771 designavit3
541 736 575 759 et
606 726 638 758 in
663 725 793 766 alieno,
817 739 884 758 non
917 738 978 758 suo
1011 738 1117 770 opere
1140 738 1214 758 suas
1239 734 1310 758 tan-

175 791 356 824 tummodo
383 799 480 822 notas
515 788 604 829 (ixit3
636 797 673 820 ut
696 787 857 820 sciremus
889 800 959 820 non
992 787 1074 832 quid
1104 786 1221 827 nobis,
1250 787 1311 819 sed

176 853 259 898 quid
288 851 427 885 Judaeis
460 851 637 884 adversum
668 862 731 882 nos
762 838 967 882 certantibus
1000 857 1058 881 aut
1090 849 1224 889 deesse,
1254 858 1312 882 aut

175 915 347 948 abundare
383 913 599 946 videretur:«
637 921 670 944 et
704 911 827 944 iterum
863 924 902 944 ex
939 911 1009 944 istis
1039 910 1241 954 Hieronymi
1276 910 1312 943 in

176 977 322 1010 Praefat.
346 975 491 1019 Paralip.
515 975 557 1007 ad
576 974 829 1008 Chromatium:
857 972 920 1005 »Et
945 982 1036 1004 certe
1053 972 1218 1015 Origenes
1242 984 1311 1005 non

177 1039 289 1072 solum
321 1037 475 1081 exempla
502 1037 614 1081 (lege:
647 1035 821 1079 Hexapla)
848 1033 1043 1079 composuit
1072 1044 1218 1079 quatuor
1240 1033 1312 1067 edi-

176 1100 322 1139 tionum,
347 1112 364 1131 e
379 1098 517 1140 regione
534 1097 661 1140 singuia
677 1098 779 1129 verba
796 1095 999 1136 describens,
1022 1105 1061 1128 ut
1075 1108 1162 1128 unns
1187 1095 1315 1128 dissen-

177 1162 264 1194 tiens
287 1161 399 1194 statim
423 1159 542 1193 ceteris
567 1159 656 1192 inter
678 1172 713 1192 se
739 1157 1024 1192 consentientibus
1049 1166 1223 1200 arguatur:
1254 1156 1315 1189 sed

179 1224 270 1269 quod
295 1221 433 1268 majoris
457 1222 616 1255 audaciae
642 1231 708 1262 est,
733 1221 767 1253 in
793 1220 942 1253 editione
966 1218 1176 1264 septuaginta
1199 1218 1316 1252 Theo-

179 1285 329 1318 dotionis
365 1283 551 1317 editionem
589 1284 740 1326 miscuit,
779 1282 945 1315 asteriscis
990 1281 1183 1324 designans,
1229 1293 1327 1325 quae·

178 1347 288 1380 minus
312 1348 462 1386 fuerant,
498 1356 530 1378 et
556 1346 710 1388 virgulis,
742 1358 826 1390 quae
852 1358 889 1377 ex
914 1344 1086 1388 superfluo
1114 1342 1316 1375 videbantur

178 1409 364 1454 apposita.«
414 1409 484 1442 Sed
508 1407 691 1450 Origenem
722 1407 833 1451 ipsum
866 1405 983 1438 audire
1017 1417 1141 1450 operae
1166 1404 1316 1449 pretium

181 1482 240 1504 est.
287 1471 345 1505 Sic
376 1470 435 1503 ille
460 1470 563 1503 Tom.
585 1470 660 1508 XV.
685 1469 719 1501 in
743 1469 864 1502 Matth.
890 1481 984 1501 num.
1009 1467 1062 1502 1-1.
1102 1469 1199 1501 Νυνὶ
1215 1467 1244 1511 Ι)
1276 1466 1317 1501 δὲ

181 1532 350 1577 δηλονότι
384 1531 498 1575 πολλῆ
533 1535 686 1577 γέγονεν
718 1528 740 1573 ἦ
766 1533 838 1565 τῶν
867 1528 1109 1576 ἀντιγριὶᾳων
1139 1527 1316 1575 διαφορὰ,

182 1600 250 1632 εἴτε
284 1595 358 1631 ἀπὸ
393 1597 577 1641 ῥαθυμίας
606 1595 716 1628 τινῶν
744 1596 939 1639 γραφέων,
977 1595 1046 1627 εἴτε
1078 1589 1154 1625 ἀπὸ
1184 1589 1319 1635 τόλμης

181 1661 291 1693 τινῶν
313 1654 504 1703 μοχθηρᾶς
528 1658 593 1698 τῆς
611 1653 843 1700 διορθώσεως
865 1656 937 1689 τῶν
959 1656 1222 1699 γραφομένων,
1248 1655 1318 1687 εἴτε

183 1723 244 1755 καὶ
281 1719 354 1754 ἀπὸ
391 1721 464 1754 τῶν
499 1719 541 1753 τὰ
581 1719 722 1756 ἑαυτοῖς
761 1718 940 1752 δοκοῦντα
976 1716 1017 1751 ἐν
1047 1716 1086 1763 τῇ
1123 1712 1318 1759 διορθώσει

186 1786 477 1828 προστιθέντων,
510 1779 529 1823 ἢ
555 1778 828 1827 ἀᾳαιροιῗντων.
879 1776 956 1821 Τῆν
984 1777 1055 1822 μὲν
1087 1770 1156 1812 οὖν
1183 1776 1223 1812 ἓν
1246 1779 1320 1815 τοῖς

185 1842 425 1889 ἀντιγράᾳοις
461 1846 521 1885 τῆς
557 1844 714 1882 παλαιᾶς
749 1839 925 1884 διαθήκης
958 1841 1188 1894 διαφωνίαν,
1230 1839 1320 1874 θεοῦ

186 1905 371 1946 διδόντος,
403 1903 559 1949 εῖῗρομεν
583 1904 778 1947 ἰάσασθαι,
804 1907 972 1948 κριτηρίῳ
990 1899 1220 1947 χρησάμενοι
1243 1904 1320 1940 ταῖς

186 1971 330 2006 λοιπαῖς
355 1967 539 2002 ἕκδόσεσι·
573 1969 643 2001 τῶν
667 1965 739 2011 γὰρ
762 1964 1101 2011 ἀμᾳιβαλλομένων
1123 1961 1224 2009 παρὰ
1248 1966 1322 2002 τοῖς

184 2028 458 2075 Ἑβδομήκοντα
483 2027 543 2062 διὰ
570 2028 634 2071 τὴν
659 2030 732 2062 τῶν
750 2026 990 2072 ἀντιγράφων
1006 2027 1229 2072 διαᾳωνίαν,
1255 2023 1321 2068 τὴν

188 2096 308 2138 κρίσιν
329 2089 572 2135 ποιησάμενοι
597 2089 671 2125 ἀπὸ
694 2091 766 2124 τῶν
789 2091 929 2124 λοιπῶν
947 2087 1143 2131 ἐκδόσεων,
1169 2087 1209 2123 τὸ
1228 2097 1320 2122 ουν-

191 2156 285 2199 ᾷδον
309 2154 460 2192 ἐκείναις
483 2151 730 2200 ἐφυλάξαμεν,
757 2155 820 2186 καί
841 2165 921 2186 τινα
945 2152 1015 2195 μὲν
1038 2150 1263 2197 ὠβελίσαμεν
1279 2149 1320 2184 ἔν

289 2279 320 2322 ¹)
347 2277 416 2311 Cfr.
444 2277 495 2310 ed.
519 2286 625 2313 nostr.
650 2275 749 2309 Tom.
772 2275 833 2308 llI.
859 2288 933 2320 pag.
951 2273 1026 2310 357.
