1422 2472
386 75 574 109 Aporoom
597 83 667 108 pao
692 74 868 108 Omemm.
1134 74 1200 110 315

81 171 134 206 get
157 163 266 206 legem
289 164 344 198 vel
367 166 567 210 prophetas,
597 174 708 198 tamen
739 173 772 197 et
802 163 873 209 ipse
903 162 1088 196 haereticus
1114 163 1202 196 desi-

80 234 208 266 gnatur,
232 226 390 271 quoniam
408 227 439 272 ¹)
464 226 650 259 Dominum
676 226 779 265 hunc,
812 226 868 271 qui
893 226 1055 258 mundum
1083 225 1202 265 edidit,

80 286 122 318 ad
146 287 286 328 gloriam
310 288 445 321 alterius
469 287 608 330 ingeniti
634 297 666 321 et
691 287 771 320 boni
786 288 853 321 Dei
877 300 952 320 eum
978 287 1199 320 construxisse

81 349 295 391 pronuntiat:
326 349 424 381 ilium
448 359 559 382 autem
589 349 770 392 ingenitum
795 350 907 382 Deum
932 349 965 382 in
991 361 1201 382 consumma-

81 408 174 442 tione
198 411 323 444 saeculi
355 410 482 443 misisse
510 410 626 444 ,lesum
657 411 827 445 Christum
858 412 900 444 ad
931 410 1201 444 emendationem

82 471 211 513 mundi,
235 481 387 515 rogatum
410 474 451 506 ab
476 486 516 506 eo
540 474 630 514 Deo,
655 473 712 518 qui
737 486 813 506 eum
837 474 972 513 fecerat,
994 480 1031 504 ut
1054 471 1203 504 mitteret

80 531 207 566 Filium
239 547 336 567 suum
369 535 410 567 ad
437 535 555 568 mundi
586 535 637 568 sui
662 534 916 568 correctionem.
932 533 966 578 ²)
1011 532 1056 566 Et
1079 532 1107 565 si
1131 532 1205 578 qui-

82 594 160 627 dem
184 595 238 628 hic
260 597 490 636 solummodo,
516 597 572 642 qui
597 598 638 630 de
661 597 738 630 Deo
763 597 861 629 Patre
874 595 972 628 aliter
988 594 1090 627 sentit
1102 608 1204 640 quam

82 657 195 698 regula
218 657 352 702 pietatis
377 659 537 704 exposcit,
561 658 748 692 haereticus
771 657 942 690 habendus
954 658 988 701 ³)
1013 666 1108 697 esset,
1132 657 1202 689 suf-

82 716 199 751 ficeret
221 719 338 764 utique
363 721 453 765 quod
477 720 629 765 superius
654 719 782 753 dictum
808 728 867 753 est.
905 718 973 752 Sed
984 730 1072 750 nunc
1094 731 1200 750 unum

80 788 179 824 atque
203 781 293 813 idem
320 782 526 814 credendum
550 790 600 814 est
623 781 722 814 etiam
748 782 789 814 de
815 793 877 820 e0,
901 779 959 825 qui
983 779 1025 812 de
1048 779 1201 812 Domino

80 850 196 874 nostro
217 843 297 875 Jesu
322 842 458 876 Christo
490 843 565 875 salsi
596 842 724 887 aliquid
747 841 904 882 senserit,
925 841 995 874 sive
1019 842 1203 874 secundum

82 916 151 944 eos,
176 903 234 949 qui
258 904 373 937 dicunt
405 918 481 937 eum
513 917 551 938 ex
574 905 703 950 ‚Ioseph
741 913 775 937 et
807 903 915 937 Maria
952 912 1083 943 natum,
1118 903 1204 936 sicut

80 974 156 997 sunt
177 965 357 998 Ebionitae
391 975 424 999 et
454 966 699 1006 Valentiniani,
733 966 802 999 sive
826 966 1011 999 secundum
1036 978 1110 1006 eos,
1145 965 1204 1010 qui

80 1026 343 1070 primogenitum
369 1040 444 1061 eum
468 1037 605 1071 negant,
636 1037 670 1060 et
693 1028 796 1061 totius
821 1036 990 1060 creaturae
1012 1027 1147 1068 Deum,
1171 1036 1204 1060 et

83 1089 251 1129 Verbum,
287 1099 320 1122 et
344 1089 569 1134 Sapientiam,
590 1102 673 1134 quae
699 1098 747 1122 est
769 1089 948 1132 initium⁴)
972 1088 1101 1121 viarum
1124 1089 1204 1128 Dei,

81 1159 260 1195 antequam
285 1151 412 1196 aliquid
426 1151 533 1192 fieret,
557 1161 631 1184 ante
646 1151 778 1184 saecula
794 1151 979 1190 fundatam,
1003 1160 1103 1194 atque
1127 1160 1203 1183 ante

82 1224 199 1244 omnes
224 1212 329 1245 colles
352 1222 558 1254 generatam,
589 1213 647 1245 sed
678 1212 849 1244 hominem
873 1211 984 1244 solum
998 1211 1032 1256 ⁵)
1054 1225 1131 1244 cum
1155 1212 1206 1245 di-

83 1283 209 1306 centes:
233 1274 287 1306 vel
310 1275 494 1307 secundum
519 1287 596 1315 eos,
621 1274 678 1319 qui
700 1274 814 1306 Deum
839 1273 974 1318 quidem
999 1286 1075 1306 eum
1099 1274 1205 1306 faten-

82 1344 147 1376 tur,
170 1348 239 1368 non
262 1345 374 1369 tamen
391 1335 625 1380 assumsissefi)
650 1335 795 1368 animam
813 1347 1002 1380 corpusque
1016 1344 1204 1369 terrenum:

84 1396 142 1441 qui
164 1398 226 1430 sub
249 1397 361 1442 specie
385 1397 478 1443 quasi
507 1397 681 1442 amplioris
711 1396 837 1440 gloriae
865 1397 947 1429 Jcsu
970 1397 1122 1430 Domino
1147 1398 1206 1430 de-

82 1459 252 1499 ferendae,
277 1458 389 1491 omnia
414 1472 498 1504 quae
521 1460 562 1492 ab
587 1472 628 1491 eo
653 1468 742 1501 gesta
765 1467 851 1498 sunt,
866 1459 898 1502 ⁷)
923 1458 991 1491 visa
1007 1458 1075 1501 geri
1092 1459 1205 1502 magis,

85 1533 185 1565 quam
209 1533 286 1553 vere
311 1530 399 1562 gesta
424 1534 494 1554 esse
516 1530 697 1554 testantur:
730 1520 854 1565 quique
881 1533 989 1565 neque
1014 1520 1056 1553 de
1079 1520 1206 1564 virgine

178 1648 211 1692 ¹)
234 1648 322 1681 Edd.
347 1649 395 1684 M.
420 1650 580 1694 quoniam
602 1650 715 1690 deum,
745 1650 804 1693 qui
826 1650 916 1682 hunc
937 1650 1097 1683 rutundum
1119 1650 1203 1684 con-

85 1694 183 1736 didit,
207 1695 252 1727 ad
272 1695 419 1738 yloriam
441 1704 502 1727 etc.

176 1750 211 1794 ²)
235 1751 321 1783 Edd.
347 1751 394 1784 M.
419 1751 670 1794 correptionem.

180 1807 214 1851 ³)
237 1807 318 1839 Mss.
343 1815 376 1839 et
399 1806 582 1839 Merlinus:
612 1807 783 1840 habendus
808 1813 867 1848 est,
892 1813 924 1839 et
948 1808 1119 1850 sufficeret
1144 1815 1206 1840 etc.

87 1851 223 1884 Rectius
248 1852 483 1884 Genebrardus
505 1861 543 1883 ut
567 1851 600 1883 in
624 1861 716 1884 textu
740 1861 866 1885 nostro.
891 1852 919 1884 R

181 1909 214 1952 ⁴)
240 1907 307 1941 Cir.
331 1907 431 1941 Prov.
456 1908 548 1947 VIII,
570 1907 713 1942 22—26.

180 1965 214 2009 ⁵)
237 1964 324 1997 Edd.
348 1964 398 1998 M.
424 1977 498 1998 eum
520 1965 634 1998 solum.

181 2020 216 2063 ⁶)
239 2019 332 2052 Editi
357 2021 404 2064 (v.
430 2034 457 2053 c.
483 2021 559 2053 edd.
577 2020 643 2062 M.)
667 2021 863 2052 assumsisse
886 2020 1059 2061 hominem,
1084 2022 1121 2053 id
1144 2027 1204 2063 est,

92 2066 240 2111 unimam
271 2074 334 2098 etc.
366 2065 451 2099 Cod.
483 2065 709 2099 sorbonicus:
743 2066 939 2098 assumsisse
962 2066 1099 2099 eundem
1123 2068 1204 2100 cmi-

92 2122 178 2142 mum
202 2118 262 2142 etc.
311 2109 422 2143 Ceteri
446 2111 525 2145 Mss.
548 2120 585 2143 ut
608 2110 642 2142 in
666 2119 768 2142 textu.
792 2110 831 2142 R.

186 2165 220 2209 ⁷)
243 2165 336 2197 Editi
368 2166 415 2207 (v.
452 2180 479 2202 c,
514 2167 588 2198 edd.
615 2166 680 2210 M.)
713 2173 810 2208 sunt,
838 2167 1053 2210 phantastice
1083 2168 1203 2210 maqis,

93 2223 193 2254 quam
217 2219 277 2242 etc.
302 2210 410 2288 RCod.
442 2211 667 2244 sorbonicus:
705 2219 800 2253 sunt,
838 2213 912 2245 visa
940 2223 1056 2255 yerere
1085 2213 1203 2256 maqis,

91 2268 191 2299 quam
215 2264 276 2287 cte.
336 2280 342 2287 .
