1422 2472
369 81 556 113 Aporoem
582 88 650 112 pno
675 77 853 111 Omanae.
1108 72 1173 107 297

50 176 112 208 Pel·
131 177 228 209 quam
255 167 366 201 omnia
388 169 473 201 sacta
497 178 582 208 sunt,
607 168 793 210 agnovisse:
818 167 871 199 vel
890 177 1018 204 eorum,
1042 163 1099 208 qui
1125 163 1175 196 di-

51 225 125 258 vina
149 239 306 272 responsa
330 229 466 272 ingressi
491 231 658 263 turbinem
683 239 715 262 et
739 229 931 270 caliginem,
954 226 1013 259 ubi
1028 226 1058 270 ¹)
1081 226 1175 257 Deus

51 286 123 331 ipse
149 299 215 329 est,
240 291 383 325 coelitus
406 302 625 337 acceperunt:
655 292 689 324 in
714 292 805 336 quod
830 290 883 322 vix
906 289 965 322 ille
988 288 1102 321 Nloses
1126 286 1177 318 in-

52 360 180 389 gressus
205 351 257 383 vel
282 351 467 395 intelligere
492 354 568 386 talia
592 353 715 398 potuit,
740 353 793 384 vel
809 352 973 398 proferre.
1007 350 1078 382 Nos
1095 360 1176 380 vero

50 421 114 453 pro
141 423 182 443 eo
206 413 301 453 solo,
333 416 424 459 quod
455 416 674 448 mediocriter
696 415 794 455 licet,
829 413 996 446 credimus
1007 412 1041 456 ²)
1066 420 1178 443 tamen

54 469 195 505 domino
219 474 312 514 Jesu,
337 485 370 508 et
393 476 463 521 ejus
488 477 671 519 gioriamur
696 489 765 509 esse
791 474 959 520 discipuli,
982 486 1044 506 nec
1067 482 1178 506 tamen

54 533 215 567 audemus
241 535 372 579 dicere,
405 539 496 583 quod
527 539 611 572 facie
643 540 684 571 ad
714 538 835 571 faciem
860 537 900 569 ab
923 537 997 580 ipso
1023 534 1178 567 traditam

56 596 299 640 susceperimus
329 599 583 642 intelligentiam
616 613 743 640 eorum,
768 611 852 644 quae
875 598 909 630 in
941 596 1060 629 divinis
1085 596 1179 628 libris

54 656 265 691 referuntur:
298 673 381 705 quae
416 662 552 706 quidem
585 671 693 695 certus
721 674 794 694 sum
829 660 920 704 quod
945 672 988 691 ne
1012 658 1083 703 ipse
1108 657 1181 702 qui-

57 718 133 750 dem
157 721 359 769 mundus³)y
379 736 442 767 pro
473 723 594 756 virtute
626 736 663 756 ac
686 722 858 767 majestate
882 733 1038 754 sensuum
1063 733 1181 764 capere

56 790 181 824 potest.
226 783 372 827 Propter
402 785 494 828 quod
524 785 742 830 pronuntiare
773 783 910 829 quidem
935 783 976 815 de
1000 782 1066 822 his,
1098 794 1181 826 quae

58 841 216 883 dicimus,
252 844 339 877 sicut
361 847 520 890 Apostoli
545 855 747 891 potuerunt,
781 859 849 878 non
874 846 1051 877 audemus:
1081 844 1115 876 in
1141 856 1181 876 eo

59 915 170 938 autem
190 905 309 948 gratias
332 908 477 949 agimus,
510 909 603 954 quod
634 921 709 941 cum
740 907 839 940 multi
863 905 1065 951 imperitiam
1090 918 1182 938 suam

58 966 224 1008 nesciant,
258 977 292 1001 et
312 979 424 1003 motus
448 983 526 1003 suos
549 969 794 1015 incompositos
828 977 860 1001 et
883 968 1112 1007 inordinatos,
1135 967 1185 999 in-

61 1030 194 1061 terdum
220 1029 319 1062 etiam
351 1040 384 1063 et
413 1032 547 1076 ineptos
572 1045 609 1064 ac
633 1031 824 1070 fabulosos,
861 1043 936 1062 cum
961 1029 1054 1062 omni
1077 1029 1181 1061 inten-

63 1091 167 1129 tione,
189 1090 275 1123 sicut
297 1091 360 1124 sibi
385 1092 550 1133 videntur,
564 1091 596 1136 ⁴¹)
623 1093 714 1137 quasi
738 1091 907 1124 verissima
925 1090 1106 1124 assertione
1130 1104 1186 1123 an-

61 1152 227 1193 nuntient,
251 1165 312 1185 nos
337 1154 378 1185 de
401 1155 500 1186 rebus
521 1154 656 1195 magnis,
682 1162 714 1185 et
727 1153 788 1192 his,
813 1166 896 1197 quae
912 1165 1011 1197 supra
1024 1166 1085 1185 nos
1101 1162 1187 1193 sunt,

63 1214 281 1256 ignorantiam
304 1224 451 1247 nostram
476 1228 545 1247 non
568 1215 789 1257 ignoramus«

152 1276 431 1310 PAMPHILUS.
472 1277 557 1310 Cum
578 1290 656 1319 ergo
677 1277 757 1309 haec
775 1288 851 1308 eum
871 1275 912 1307 de
935 1287 970 1307 se
996 1275 1106 1308 dicere
1131 1289 1187 1308 au-

66 1337 211 1378 diamus,
237 1347 268 1370 ct
290 1338 523 1383 hujuscemodi
546 1348 658 1371 mente
682 1351 720 1371 ac
744 1346 842 1376 voto,
874 1349 957 1381 quae
982 1337 1080 1380 dicit,
1105 1351 1190 1370 asse-

65 1412 156 1433 rere:
180 1399 342 1432 miramur
363 1400 398 1433 in
421 1409 549 1433 tantum
582 1399 778 1433 temeritatis
807 1398 938 1443 aliquos
970 1411 1039 1431 esse
1062 1389 1192 1444 'prove-

67 1471 158 1502 ctos,
190 1471 227 1494 ut
261 1462 319 1506 qui
342 1474 377 1493 se
401 1461 490 1506 ita⁵)
516 1462 703 1495 humilitate
726 1461 869 1508 judicat,
905 1460 1074 1492 adstruant
1098 1462 1190 1506 quod

68 1525 109 1556 ab
133 1523 206 1556 aliis
231 1523 320 1555 dicta
346 1522 433 1568 ejus,
457 1524 510 1555 vel
537 1523 631 1564 libri,
663 1537 726 1568 pro
752 1521 962 1555 sermonibus
985 1522 1191 1566 apostolicis,

70 1586 124 1618 vel
156 1585 254 1618 dictis
284 1584 491 1629 propheticis
521 1585 719 1617 habeantur:
751 1594 807 1617 aut
837 1584 927 1628 quod
961 1583 1020 1615 ille
1041 1583 1112 1628 ipse
1137 1585 1190 1617 vel

70 1646 264 1692 prophetis,
299 1646 352 1679 vel
387 1646 548 1690 apostolis
579 1647 619 1678 ab
644 1646 757 1690 aliquo
784 1654 1006 1690 comparetur.
1054 1646 1098 1679 Et
1114 1648 1192 1692 ‘qui-

169 1810 200 1853 ¹)
224 1808 312 1842 Edd.
336 1809 383 1841 M.
408 1809 466 1842 ubi
488 1810 559 1853 ipse
583 1810 673 1841 Deus
698 1818 754 1840 est.

167 1864 202 1909 2)
227 1866 277 1898 Ita
301 1865 381 1897 editi
406 1867 452 1908 (v.
480 1864 604 1897 c.-edd.
623 1864 701 1905 M.)‚
725 1862 788 1895 nisi
810 1862 899 1906 quod
915 1863 1037 1896 addant
1062 1866 1196 1899 Christo

77 1919 155 1954 post
177 1912 270 1944 Jesu.
312 1910 395 1943 Cod.
421 1909 639 1947 sorbonicus,
665 1918 696 1940 et
722 1908 805 1941 Cod.
832 1908 864 1940 S.
883 1908 1056 1941 Michaelis
1081 1910 1114 1942 in
1138 1924 1197 1955 pe-

78 1956 186 1988 riculo
213 1956 325 1988 maris:
360 1957 446 1999 quod
476 1957 689 1988 mediocriter
720 1956 800 1986 licet
831 1954 1048 1995 credidimus,
1087 1962 1197 1989 lamen

80 2002 119 2033 de
142 2002 272 2035 domino
292 2002 374 2033 Jesu
403 2002 588 2044 loquimur,
620 2006 652 2032 et
681 2003 754 2041 ejus
787 2007 847 2030 etc.
897 1998 1007 2030 Ceteri
1042 2000 1117 2032 Mss.
1143 2000 1198 2032 ha-

81 2046 161 2077 bent
184 2046 256 2078 alii:
282 2047 495 2087 credidimus,
519 2045 593 2077 alii:
619 2046 880 2085 crediderimus-‚-
910 2043 1035 2088 reliqua
1061 2058 1136 2077 vcro
1163 2056 1197 2077 m

82 2091 113 2122 in
138 2099 238 2123 textu.
262 2091 302 2123 R.

174 2146 208 2189 ³)
234 2145 302 2179 Csr.
328 2159 376 2178 εν.
401 2146 519 2178 Joann.
544 2145 638 2184 XXI,
663 2145 716 2178 25.

174 2203 208 2244 ⁴)
233 2201 316 2234 Edd.
342 2202 390 2234 Μ.
414 2203 555 2235 videtur.

178 2259 210 2301 ὁ)
235 2257 319 2290 Edd.
345 2258 378 2289 Μ
418 2259 465 2290 ica
490 2259 656 2299 humiliat,
680 2264 711 2289 e!
728 2259 872 2299 judicat.
