1413 2482
186 64 254 99 220
519 66 632 99 Pam
655 65 830 100 munaus
856 66 985 101 Hussrn

188 167 336 199 quoque,
362 163 392 186 et
422 153 667 200 ψευδωνύμου
691 153 858 201 γνώσεως
881 155 1064 189 seminibus
1089 157 1314 191 refertissimi:

187 216 221 248 in
259 216 297 248 iis
329 215 455 259 quippe
487 216 666 260 praecipua
697 217 894 259 dogmatum
925 230 1063 250 suorum
1100 219 1317 253 fundamenta

187 278 351 320 Origenes
381 276 505 321 posuit.
555 276 726 320 Quocirca
758 279 925 325 Didymus
957 278 1114 312 brevibus
1151 292 1209 314 eos
1240 280 1317 313 illu-

185 340 300 373 stravit
327 337 627 378 commentariolis,
654 339 794 372 Rufinus
820 353 900 372 vero
925 341 1079 373 Romana
1103 340 1240 385 loquela
1264 354 1318 374 ex-

186 401 310 446 posuit.
359 401 484 433 Verum
510 409 549 433 ut
573 414 727 434 errorum
759 415 899 434 suorum
933 402 1043 447 capita
1074 402 1108 434 in
1141 402 1202 436 hac
1226 404 1320 437 lucu-

185 463 339 495 bratione
365 461 534 495 conclusit
558 462 740 504 Origenes,
772 463 819 496 ita
851 463 884 496 in
910 465 1028 497 eadem
1052 463 1160 497 malae
1183 477 1261 497 suae
1287 475 1320 498 et

184 525 291 557 fluxae
316 525 449 569 penitus
481 524 515 556 in
545 524 798 569 interpretando
831 525 911 558 fidei
945 525 1115 568 egregium
1147 526 1319 571 specimen

185 588 285 620 edere
318 586 406 619 velle
437 585 524 619 visus
560 596 609 619 est
640 587 791 620 Rufinus.
839 587 896 621 Sic
928 587 1018 620 enim
1049 588 1138 620 fatur
1167 587 1203 620 in
1235 588 1320 621 Pro-

184 649 281 691 logo:
324 647 466 682 »Sicubi
493 661 571 688 ergo
597 661 658 681 nos
684 648 717 681 in
743 649 848 682 libros
874 648 945 695 ejus
971 650 1071 696 (περὶ
1096 649 1235 695 ἀρχῶν)
1259 651 1320 684 ali-

184 711 265 756 quid
299 711 385 744 circa
417 709 452 742 id
482 709 692 750 invenimus,
725 703 828 755 quod⁴
850 712 891 744 ab
923 711 996 756 ipso
1029 712 1063 744 in
1089 711 1207 744 ceteris
1234 712 1318 745 locis

182 772 238 818 pie
262 773 304 806 de
329 772 496 806 Trinitate
521 772 630 804 fuerat
655 771 852 812 delinitum,
884 773 977 805 velut
1001 773 1226 807 adulteratum
1252 774 1316 807 hoc

182 844 215 868 et
238 835 406 874 alienum,
431 843 487 866 aut
511 832 808 877 praetermisimus,
834 843 890 866 aut
914 835 1099 866 secundum
1124 847 1197 867 eam
1220 848 1317 878 regu·

180 896 246 929 lam
271 896 488 942 protulimuS,
512 908 611 939 quam
636 895 677 927 ab
702 894 776 939 ipso
802 895 998 940 frequenter
1014 896 1201 929 invenimus
1226 898 1316 930 affir-

180 968 314 991 matam.
362 957 400 991 Si
432 969 497 1002 qua
527 969 604 989 sane
630 957 723 989 velut
754 957 871 1001 peritis
897 956 961 1002 jam
995 967 1028 989 et
1058 957 1239 992 scientibus
1265 960 1316 992 lo·

181 1034 295 1066 quens,
322 1020 402 1052 dum
420 1017 570 1051 breviter
596 1018 736 1051 transire
753 1018 837 1057 vult,
858 1018 1034 1051 obscurius
1058 1020 1221 1063 protulit;
1241 1034 1314 1062 nos,

180 1092 217 1116 ut
240 1081 452 1114 manifestior
478 1074 579 1112 fieret
604 1080 717 1120 locus,
749 1092 787 1111 ea
819 1092 903 1124 quae
935 1080 976 1112 de
1003 1080 1074 1124 ipsa
1104 1094 1140 1113 re
1173 1081 1206 1115 in
1240 1083 1314 1117 aliis

181 1145 250 1191 ejus
289 1143 382 1176 libris
418 1141 566 1186 apertius
614 1142 817 1184 legeramus,
864 1141 1048 1187 adjecimus
1085 1143 1313 1187 explanationi

180 1207 370 1240 studentes:
394 1204 480 1237 nihil
505 1212 618 1236 tamen
642 1213 797 1236 nostrum
823 1203 978 1244 diximus,
1002 1205 1061 1237 sed
1084 1204 1164 1237 licet
1187 1204 1220 1237 in
1240 1206 1314 1239 aliis

182 1268 266 1301 locis
293 1267 397 1307 dicta,
422 1275 534 1298 tamen
559 1278 618 1298 sua
641 1265 705 1298 sibi
730 1265 971 1298 reddidimus.«
1023 1265 1094 1309 Qui
1118 1267 1198 1299 licet
1221 1281 1314 1301 suam

179 1329 342 1362 voluisset
374 1328 482 1361 celare
516 1327 713 1372 perfidiam,
752 1327 852 1359 facile
889 1327 946 1359 illa
986 1339 1057 1359 sese
1092 1329 1310 1372 prodidisset.

180 1393 228 1424 Ex
245 1392 276 1436 ¹)
312 1403 352 1422 eo
379 1389 506 1434 quippe
533 1388 621 1420 libro
654 1389 762 1421 multa
794 1389 826 1421 in
852 1388 1117 1432 Apologeticum
1142 1392 1312 1426 transtulit

177 1452 390 1498 Pamphilus,
423 1463 508 1496 quae
541 1450 574 1483 in
599 1450 777 1491 Rufiniana
810 1449 1089 1495 interpretatione
1122 1453 1312 1487 desideran—

178 1525 249 1548 tur:
275 1514 366 1547 velut
390 1513 424 1546 in
450 1525 491 1544 eo
519 1512 639 1557 capite,
663 1512 723 1545 ubi
747 1511 856 1554 agitur
882 1512 943 1544 »de
971 1513 1211 1548 coaeternitate
1227 1515 1310 1550 Filii

178 1577 263 1618 Dei,
295 1587 327 1609 et
350 1575 634 1620 inseparabilitate
660 1575 731 1619 ejus
755 1574 940 1614 a<Patre‚«
975 1575 1135 1609 recitatur
1158 1578 1310 1612 testimo·

178 1639 270 1671 nium
296 1639 384 1671 istud
408 1651 425 1670 e
451 1636 539 1669 libro
566 1637 695 1682 primo:
724 1636 926 1669 »Videamus
953 1649 1043 1679 ergo,
1069 1637 1150 1682 quid
1173 1639 1217 1672 sit
1233 1641 1308 1674 Sal.

273 1738 305 1782 ¹)
334 1738 368 1769 In
395 1738 535 1779 vulgatis
561 1739 637 1772 edd.
664 1737 853 1783 Apologiae
871 1736 1043 1781 Pamphili
1067 1739 1221 1785 martyris
1245 1741 1307 1775 tria

177 1794 349 1839 sequentia
372 1794 463 1833 loca,
489 1807 573 1838 quae
600 1794 680 1827 citat
704 1793 866 1832 Huetius,
892 1806 930 1825 ex
956 1793 1050 1826 libris
1074 1798 1157 1840 περὶ
1183 1795 1306 1842 ἀρχῶν

178 1853 330 1884 desumta
354 1850 490 1894 quidem
517 1850 694 1891 dicuntur,
720 1850 778 1882 sed
801 1862 1000 1894 perperam,
1026 1859 1059 1882 et
1082 1850 1212 1884 incuria
1237 1854 1307 1886 edi-

177 1918 301 1946 torum,
325 1916 360 1938 ut
383 1919 443 1939 suo
470 1906 548 1937 loco
576 1905 780 1944 monuimus,
805 1917 843 1937 ex
868 1906 949 1938 Mss.
974 1905 1085 1940 Codd.
1109 1907 1186 1942 fide.
1234 1909 1308 1942 Pri-

177 1976 250 1996 mus
288 1963 380 1995 locus
412 1961 540 1993 eruitur
573 1974 610 1992 ex
644 1961 795 1993 Homilia
821 1961 879 1993 lX.
913 1960 946 1993 in
975 1962 1176 2004 Jeremiam,
1213 1965 1306 2010 cujus

177 2021 326 2054 Graecus
351 2026 523 2050 contextus
555 2017 747 2050 etiamnunc
772 2027 885 2053 exstat.
935 2018 1110 2051 Secundus
1143 2032 1181 2052 ex
1205 2020 1304 2053 initio

176 2076 256 2109 libri
280 2074 380 2121 primi
412 2074 445 2106 in
471 2072 566 2117 epist.
592 2073 631 2105 ad
659 2072 812 2114 Galatas,
845 2083 876 2106 et
909 2074 1025 2107 tertius
1059 2087 1096 2107 ex
1123 2076 1306 2109 Commen-

176 2135 261 2166 tario
294 2132 329 2164 in
353 2130 447 2175 epist.
473 2130 513 2162 ad
539 2130 785 2162 Philemonem.
835 2131 998 2176 Adeoque
1031 2131 1116 2164 nihil
1141 2141 1245 2164 exstat
1269 2132 1303 2165 in

178 2193 345 2239 Apologia
369 2191 557 2236 Pamphili,
589 2192 681 2236 quod
714 2205 781 2224 non
806 2184 847 2225 sit
879 2192 911 2226 in
938 2192 1114 2226 Rufiniana
1139 2193 1303 2227 librorum

178 2255 260 2294 περὶ
287 2250 405 2294 ἀρχῶν
431 2247 718 2293 interpretatione,
767 2249 804 2280 R.
