1413 2482
216 103 283 138 322
557 105 591 137 S.
617 104 792 138 Pamrmu
821 105 1006 138 Mam-vnis

217 195 424 240 parationem
449 203 587 226 naturae
611 206 796 238 corporeae
822 194 919 236 longe
946 193 1152 239 praecellens
1175 194 1345 232 habeatur,

218 267 328 290 tamen
355 270 429 288 cum
446 257 477 300 ¹)
501 256 543 289 ad
566 255 768 300 incorporea
792 256 929 297 nititur,
961 266 1060 301 atque
1095 268 1213 289 eorum
1244 255 1344 289 intui-

217 319 392 362 tionem²)
418 318 574 359 rimatur,
604 327 683 350 tunc
715 318 878 351 scintillae
903 318 1043 364 alicujus
1067 327 1122 350 aut
1134 317 1167 362 ³)
1192 317 1346 350 lucernae

219 381 271 413 vix
297 380 428 413 obtinet
452 381 577 415 locum.
625 379 716 423 Quid
749 391 860 414 autem
891 381 923 414 in
957 381 1112 413 omnibus
1138 379 1346 412 intellectua-

217 443 314 482 libus,
339 442 374 475 id
399 451 458 485 est,
484 442 706 487 incorporeis,
730 451 798 475 tam
824 452 992 487 praestans
1016 442 1183 482 omnibus,
1206 451 1272 474 tam
1298 441 1346 473 in-

215 505 398 538 effabiliter
428 513 528 549 atque
561 504 850 537 inaestimabiliter
872 505 1078 549 praecellens
1103 503 1215 549 est‚⁴)
1246 516 1345 548 quam

215 566 334 600 Deus?
379 565 482 612 Cujus
513 566 629 611 utique
654 575 769 599 natura
793 566 864 598 acie
888 567 1050 600 humanae
1072 565 1192 599 mentis
1217 564 1346 598 intendi

217 638 317 674 atque
343 628 483 669 intueri,
515 628 665 673 quamvis
690 628 778 671 sit⁵)
803 628 979 673 purissima
1003 642 1096 662 mens
1122 641 1158 661 ac
1183 626 1347 672 limpidis—

215 692 308 731 sima,
332 705 400 724 non
425 699 547 735 potest.

306 753 431 785 Verum
458 765 525 784 non
551 752 684 785 videtur
706 753 898 792 absurdum,
922 752 949 785 si
973 753 1014 785 ad
1032 751 1274 785 evidentiorem
1299 751 1347 784 rei

218 815 518 848 manifestationem
551 814 649 847 etiam
686 815 749 847 alia
786 824 920 847 utamur
957 814 1189 848 similitudine.
1243 815 1346 846 luter-

216 877 296 909 dum
309 877 342 920 6)
369 875 461 908 oculi
486 875 591 908 nostri
615 876 721 921 ipsam
746 886 897 909 naturam
923 876 1023 915 lucis,
1049 876 1081 909 id
1109 885 1173 915 cst,
1196 877 1346 908 substan-

215 939 297 971 tiam
321 938 401 970 solis
425 938 548 970 intueri
571 951 639 971 non
664 948 824 983 possunt:
847 938 1064 983 splendorem
1089 951 1166 970 vero
1184 937 1264 983 ejus,
1291 938 1344 969 vel

214 1000 325 1033 radios
349 999 502 1047 fenestris
527 1000 634 1039 forte,
669 1001 721 1032 vel
753 1000 959 1045 quibuslibet
991 1000 1155 1033 luminum
1188 998 1346 1032 brevibus

214 1061 433 1107 receptaculis
458 1061 586 1094 infusos
611 1062 794 1101 intuentes,
831 1062 1042 1094 considerare
1074 1073 1266 1106 possumus,
1291 1062 1344 1094 so-

215 1137 285 1157 mes
315 1125 387 1168 ipse
418 1122 518 1165 vel⁷)
557 1123 631 1156 sons
664 1133 804 1168 quantus
834 1124 877 1156 sit
908 1123 1064 1168 corporei
1097 1123 1241 1156 luminis.
1296 1123 1344 1155 lta

216 1199 294 1228 ergo
320 1185 412 1230 quasi
436 1184 520 1217 radii
546 1186 680 1230 quidam
713 1194 789 1218 sunt
819 1185 884 1218 Dei
916 1196 1052 1218 naturae
1086 1198 1187 1230 opera
1213 1185 1344 1217 divinae

214 1247 459 1293 providentiae,
485 1257 517 1279 et
540 1261 590 1280 ars
613 1247 837 1280 universitatis
863 1247 969 1292 liujus,
993 1249 1033 1280 ad
1059 1246 1344 1291 comparationem

215 1310 363 1355 ipsiusss)
388 1309 590 1342 substantiae
615 1323 652 1342 ac
683 1319 828 1342 naturae.
878 1308 968 1353 Quia
998 1323 1075 1351 ergo
1109 1322 1202 1342 mens
1231 1319 1344 1342 nostra

214 1372 322 1416 ipsum
335 1371 368 1416 ⁹)
401 1384 463 1415 per
496 1384 530 1403 se
563 1370 669 1415 ipsam
693 1371 825 1411 Deum,
857 1371 942 1404 sicut
973 1381 1036 1412 est,
1067 1383 1134 1404 non
1159 1380 1271 1416 potest
1295 1371 1344 1404 in—

310 1530 341 1574 ¹)
366 1529 429 1562 Ed.
454 1528 582 1573 Redep.
600 1527 695 1561 dunt.

303 1588 337 1630 ²)
363 1586 425 1618 Ed.
450 1585 578 1629 Redep.
603 1577 755 1618 rimatur
773 1584 946 1618 intuitum.

305 1643 339 1687 3)
366 1643 445 1675 Mss.
470 1631 586 1680 nostri,
611 1650 643 1673 et
667 1640 751 1672 editi
776 1642 823 1683 (v.
850 1653 876 1673 c.
902 1641 978 1673 edd.
1003 1641 1070 1683 M.)
1096 1640 1255 1674 omittunt
1269 1649 1340 1676 aut.

213 1688 281 1721 Sed
307 1688 385 1720 haec
414 1700 476 1718 vox
502 1695 604 1718 exstat
630 1686 662 1718 in
689 1685 762 1718 aliis
788 1685 864 1718 Mss.
890 1686 1022 1731 (itemq.
1048 1686 1100 1719 ed.
1127 1687 1273 1731 Redep.)
1300 1688 1340 1720 li-

213 1735 351 1765 brorum
377 1735 458 1777 πι-ρὶ
484 1732 615 1776 ἀρχῶν.
644 1733 679 1763 R.

307 1790 340 1832 ⁴)
365 1788 470 1820 Deest
493 1795 542 1820 est
569 1787 603 1819 in
628 1787 679 1819 ed.
706 1787 834 1830 Redep.

305 1846 338 1887 ὁ)
365 1844 427 1876 Ed.
453 1843 581 1887 Redep.
606 1856 646 1876 ea
670 1845 723 1876 sit.

311 1901 345 1944 6)
372 1899 457 1932 Cod.
496 1899 703 1932 Sorbonicus
742 1912 808 1931 nou
841 1899 945 1931 male:
984 1900 1159 1934 Interdum
1189 1904 1277 1936 oculi
1308 1905 1337 1938 si

213 1949 323 1992 ipsam
353 1964 395 1969 —-
427 1946 559 1986 infusos
589 1947 780 1985 intuentur,
822 1946 1038 1978 considerare
1071 1959 1246 1990 possumus
1276 1958 1338 1984 etc.

215 1991 327 2025 Ceteri
352 1991 429 2023 Mss.
455 1999 487 2021 et
512 1989 593 2021 editi
619 1992 664 2034 (v.
684 2002 710 2021 c.
731 1990 806 2022 edd.
824 1990 888 2032 M.)
914 1999 949 2021 ut
974 1990 1006 2022 in
1031 2000 1134 2031 textu,
1158 1993 1221 2025 nisi
1246 1995 1337 2039 quod

214 2038 294 2071 Mss.
320 2035 473 2068 omittant
496 2037 605 2068 nostri
629 2044 705 2078 post
728 2036 826 2069 oculi.
852 2035 888 2067 R.

308 2093 340 2135 ⁷)
364 2091 451 2124 Edd.
475 2090 523 2123 M.
549 2099 582 2122 et
609 2090 736 2134 Redep.
762 2103 811 2125 ac.

307 2148 341 2191 ⁶)
370 2147 440 2179 Vox
462 2148 569 2191 ipsius
594 2146 687 2178 deest
718 2146 750 2178 in
782 2146 878 2180 editis
910 2148 957 2192 (v.
984 2161 1010 2181 c.
1037 2149 1112 2182 edd.
1138 2150 1221 2192 Μ.),
1247 2160 1278 2183 et
1303 2151 1335 2183 in

214 2194 295 2227 Mss.
320 2192 463 2234 nostris;
491 2193 550 2225 sed
581 2200 682 2224 exstat
712 2191 744 2223 in
776 2192 855 2225 MsS.
890 2193 1021 2238 (itemq.
1047 2195 1099 2230 ed.
1127 2195 1271 2240 Redep.)
1297 2197 1335 2229 li-

213 2240 352 2272 brorum
377 2241 457 2281 περὶ
480 2238 615 2283 ἀρχῶν,
639 2247 670 2269 et
694 2236 896 2271 restituenda
920 2238 1062 2272 videtur.
1089 2240 1126 2274 R.

306 2294 339 2338 ⁹)
364 2293 456 2327 Editi
479 2294 525 2338 (v.
552 2307 578 2327 c.
604 2293 679 2330 edd.
703 2294 768 2338 M.)
800 2296 909 2340 ipsum
934 2308 997 2340 per
1025 2308 1059 2329 se
1088 2297 1206 2331 Deum.
1255 2297 1332 2330 Mss.
