1422 2472
363 86 433 111 »no
462 77 629 112 Onusam:
655 76 879 110 Anmome.
1126 74 1192 109 275

52 167 237 210 scriberct3
262 168 414 213 adeoque
439 168 504 214 jam
529 177 609 201 tunc
635 180 713 200 vere
739 175 808 199 erat
832 175 978 212 martyr,
1004 164 1191 198 secundum

53 230 225 273 vulgarem
258 229 330 277 ejus
365 230 531 276 temporis
565 228 732 275 loquendi
771 229 924 261 modum.
979 227 1190 273 Hieronymo

54 302 169 326 autem
193 293 242 327 sic
266 293 451 338 respondet
473 292 616 325 Rufinus
640 293 766 325 Invect.
802 291 861 326 lib.
885 291 930 325 II.
979 288 1038 323 »Si
1062 288 1096 322 in
1120 297 1194 322 tan-

51 365 125 390 tum
158 355 296 389 volebas
329 355 473 396 audere,
502 363 540 387 ut
569 355 756 401 Martyrem
789 352 1071 399 reprehenderes,
1104 351 1193 385 dicta

52 417 142 463 ipsa,
181 431 266 463 quae
298 417 361 450 tibi
394 418 592 450 videbantur
631 416 929 462 reprehensibilia,
967 415 1003 448 in
1040 413 1194 447 medium

51 481 208 527 proferre
233 481 415 514 debueras:
444 490 478 514 ct
502 490 582 513 tunc
607 480 838 526 unusquisque
873 477 1060 521 legentium
1091 475 1194 509 vidis-

53 553 114 585 set,
139 543 222 589 quid
245 543 294 577 ibi
319 553 404 577 essct
427 543 628 584 absurdum,
654 542 736 588 quid
762 554 990 587 consequens,
1023 539 1106 586 quid
1130 538 1196 572 iui-

54 620 171 652 quum,
196 606 279 652 quid
305 615 396 640 certe
422 616 539 640 contra
562 605 780 651 Apostolicas
804 605 952 647 regulas:
978 603 1037 637 sed
1062 611 1195 635 tantum

53 669 168 703 nescio
194 669 276 715 quid
300 669 502 714 impietatis,
534 682 598 714 pro
625 682 709 714 quo,
733 677 772 701 ut
797 667 898 708 dicis,
932 666 1098 712 expiando
1123 678 1196 698 san-

54 731 190 774 guinem
215 745 313 765 suum
337 731 465 765 fuderit
488 732 629 777 Martyr.
676 732 753 776 Ipsa
784 730 843 764 illa
875 729 977 763 verba
1005 727 1033 761 si
1057 728 1195 770 legeret,

53 793 122 840 jam
145 807 216 828 non
240 804 308 835 tua,
333 795 392 827 sed
416 807 474 827 sua
500 792 677 835 sententia,
703 802 761 827 aut
778 805 902 826 errasse
919 800 1113 838 martyrem,
1137 800 1197 823 aut

53 856 193 890 nomine
218 856 373 904 martyris
398 857 577 890 absurdam
609 865 642 889 et
674 855 815 901 impiam
842 853 1130 900 conscriptionem
1155 855 1197 886 ab

55 920 124 954 alio
150 920 280 954 diceret
305 933 375 953 esse
402 919 638 965 compositam.
685 919 783 951 Nunc
808 931 888 951 vero
914 916 1042 958 sciens,
1068 916 1144 962 quia
1169 915 1198 948 si

56 982 209 1026 legantur
232 996 280 1026 ea,
306 995 390 1028 quae
415 981 646 1027 reprehendis,
670 989 750 1014 nota
771 979 1024 1026 retorquebitur
1049 979 1084 1013 in
1109 992 1198 1019 eum,

58 1045 115 1090 qui
141 1046 255 1091 culpat
290 1044 433 1091 injuste,
475 1057 511 1077 ea
544 1044 700 1089 quidem,
740 1056 824 1088 quae
855 1042 1091 1088 reprehendis,
1127 1055 1198 1074 non

57 1108 224 1152 profers.·‹
273 1107 320 1140 Et
343 1120 378 1140 re
404 1106 476 1151 ipsa
499 1105 583 1139 nihil
608 1105 671 1138 nisi
696 1105 879 1148 generatim
903 1104 1051 1150 protulit
1075 1103 1200 1138 Hiero-

57 1182 177 1216 nymus
203 1170 360 1202 adversus
385 1170 471 1203 hane
495 1167 711 1213 Apologiam.
755 1169 829 1201 Imo
854 1167 1060 1213 promiserat
1084 1166 1199 1201 lib.I[.

58 1232 216 1265 adversus
241 1231 420 1274 Rufinum,
453 1244 488 1264 se
519 1230 554 1263 in
587 1231 804 1276 sequentibus
841 1239 957 1264 contra
986 1229 1095 1275 ipsam
1119 1228 1200 1263 scri-

58 1304 216 1339 pturum,
252 1293 280 1327 si
305 1293 453 1327 dictandi
477 1293 624 1338 spatium
650 1303 754 1335 esset,
789 1306 852 1327 nec
877 1302 989 1326 tamen
1013 1292 1200 1338 quidquam

58 1356 229 1403 scripsisse
253 1356 422 1397 novimus,
447 1355 599 1401 quamvis
623 1356 738 1401 plures
762 1369 866 1389 annos
891 1364 1008 1401 postea
1033 1355 1164 1388 vixerit.

149 1420 207 1453 VI.
256 1419 326 1452 Sed
350 1428 463 1452 tamen
488 1428 526 1452 ut
550 1418 800 1465 Hieronymum
827 1430 904 1451 cum
928 1431 964 1452 se
985 1417 1059 1463 ipso
1087 1417 1201 1451 conei-

60 1483 161 1522 liem,
200 1495 269 1514 nou
299 1481 428 1514 inficias
461 1481 577 1522 ierim,
617 1481 725 1514 videri
756 1481 893 1526 quidem
924 1480 1141 1526 Pamphilum
1168 1489 1202 1513 et

59 1546 245 1579 Eusebium
278 1543 311 1577 in
344 1543 554 1576 Defensione
586 1543 645 1576 illa
677 1545 842 1589 quaedam
876 1542 1027 1577 attulisse
1058 1556 1096 1576 ex
1123 1542 1202 1577 Ori-

60 1621 144 1650 gene
169 1605 372 1647 testimonia,
398 1606 519 1651 quibus
538 1606 680 1639 voculae
706 1615 739 1639 et
756 1606 846 1639 dicta
865 1605 1030 1639 nonnulla
1054 1605 1202 1639 admixta

63 1680 188 1711 essent,
220 1683 306 1716 quae
338 1669 525 1702 Catholicis
557 1667 691 1701 auribus
725 1667 929 1715 Hieronymi
959 1677 1067 1702 aetate
1090 1667 1202 1701 minus

62 1734 274 1779 placuerunt,
299 1741 420 1778 utpote
445 1733 486 1764 ab
515 1731 646 1765 Arianis
672 1739 744 1764 tum
770 1730 811 1763 ad
832 1730 984 1764 haeresin
1001 1717 1096 1764 suam
1120 1744 1202 1776 pro-

63 1797 248 1841 pagandam
265 1804 440 1840 usurpata:
467 1808 547 1840 quas
565 1794 714 1836 voculas,
742 1794 796 1826 vel
812 1806 896 1839 quae
913 1793 1002 1827 dicta
1019 1803 1203 1839 propterea

63 1859 246 1893 resecuisse
270 1858 404 1891 videtur
435 1871 454 1891 a
488 1871 546 1891 sua
579 1855 734 1890 versione
759 1856 921 1897 Rufinus,
946 1866 980 1890 et
1003 1857 1203 1902 quibusdam

66 1921 200 1962 additis,
224 1920 424 1966 quibusdam
450 1920 607 1954 detractis
633 1917 821 1959 emollisse,
846 1927 883 1952 ut
909 1919 1121 1953 Catholicam
1143 1920 1205 1953 do—

67 1983 208 2017 ctrinam
232 1984 342 2017 verbis
374 1984 474 2028 plane
499 1981 686 2016 Catholicis
717 1982 876 2015 traderet.
926 1981 1033 2025 Quod
1064 1981 1205 2016 innuere

67 2045 204 2079 videtur
233 2046 307 2091 ipse
337 2046 499 2087 Rufinus,
530 2059 608 2079 cum
639 2045 674 2078 in
698 2044 847 2090 Epilogo
883 2043 925 2076 ad
949 2044 1207 2079 translationem

68 2121 162 2150 suam
187 2109 228 2141 ad
252 2108 461 2142 Macharium
487 2108 543 2148 ait,
567 2121 602 2141 se
636 2106 925 2152 »Apologeticum
949 2106 1054 2140 sancti
1078 2108 1207 2154 Marty-

69 2170 113 2203 ris
136 2170 323 2215 Pamphili,
347 2181 451 2216 prout
475 2171 607 2216 potuit,
632 2170 686 2203 vel
711 2183 763 2203 res
788 2169 967 2214 poposcit,
992 2169 1113 2203 Latino
1138 2183 1207 2203 ser-

69 2246 170 2266 mone
203 2231 407 2275 digessisse.«
466 2232 671 2280 Huiusmodi
706 2231 903 2266 resectionis
937 2230 1120 2265 etiamnum
1151 2246 1208 2266 ve-

70 2295 206 2338 stigium
237 2305 349 2329 exstat.
398 2295 594 2340 Pamphilus
626 2294 723 2342 hujus
758 2293 947 2339 Apologiae
981 2308 1054 2340 cap.
1078 2295 1109 2331 4.
1145 2296 1208 2328 »de

868 2356 943 2391 15*
