1413 2482
210 79 279 116 268
491 78 531 112 Iu
558 79 717 111 Aroma.
744 78 874 112 Saxcrt
898 78 1076 113 Pammnu

212 170 442 216 unusquisque
475 168 632 210 sentiret;
663 168 910 214 perspicueque
942 169 1220 215 deprehendisse,
1257 171 1350 216 quod

213 234 342 280 primus
367 232 454 264 liber
477 244 532 264 sex
557 230 770 264 voluminum
794 230 936 264 Eusebii
960 231 1032 278 ipse
1057 239 1161 272 esset,
1185 231 1243 278 qui
1266 245 1351 265 unus

214 298 275 331 sub
299 294 438 338 nomine
461 293 632 339 Pamphili
657 306 674 326 a
695 302 731 326 te
760 293 870 327 editus
905 303 954 328 est
977 303 1047 328 tam
1071 295 1220 336 Graece.
1251 308 1352 341 quam

212 358 350 399 Latine,
380 356 566 391 immutatis
598 357 757 390 duntaxat
788 356 939 390 sensibus
972 357 1014 390 de
1037 356 1130 390 Filio
1165 365 1199 390 ct
1221 357 1354 403 Spiritu

214 430 350 462 sancto,
390 419 449 466 qui
486 429 636 465 apertam
671 419 916 466 blasphemiam
951 419 1195 464 praeferebant.
1253 419 1352 454 Unde

214 484 316 517 etiam
341 492 416 516 ante
442 495 545 516 annos
572 483 678 516 ferme
706 483 836 523 decem,
863 495 939 515 cum
956 482 1085 516 Dexter
1102 482 1231 516 amicus
1247 495 1354 524 meus,

216 546 273 593 qui
297 546 544 592 praefecturam
568 545 814 579 administravit
838 545 1026 586 Praetorii,
1049 558 1104 579 me
1128 555 1294 589 rogasset,
1318 555 1356 579 ut

214 614 404 643 Auctorum
441 617 577 642 nostrae
608 606 784 652 refigionis
821 607 854 640 ei
882 607 1031 641 indicem
1064 618 1233 650 texerem,
1267 608 1357 642 inter

215 681 346 706 ceteros
369 680 568 705 tractatores
592 671 693 717 posui
719 680 752 704 et
776 671 864 704 hunc
889 671 1015 705 librum
1038 684 1057 705 a
1080 671 1287 718 Pamphilo,
1310 671 1356 705 ita

215 744 335 781 putans
361 747 443 775 esse,
467 743 505 768 ut
529 747 547 768 a
573 743 606 767 te
633 743 665 767 et
691 746 708 766 a
725 733 790 767 tuis
809 734 984 779 discipulis
1001 735 1110 768 suerat
1134 734 1354 777 divulgatum.

215 798 286 832 Sed
310 810 386 830 cum
410 796 484 842 ipse
510 796 600 830 dicat
622 784 799 838 Eusebius,
823 797 1044 842 Pamphilum
1065 797 1150 830 nihil
1174 796 1358 843 scripsisse,

216 859 364 905 exceptis
395 859 554 893 brevibus
588 859 741 904 epistolis
774 859 816 892 ad
852 859 999 903 amicos;
1035 869 1069 893 et
1107 859 1238 905 primus
1270 859 1358 893 liber

215 936 271 956 sex
295 922 510 956 voluminum
534 921 629 955 illius
661 922 779 954 eadem
811 930 845 954 et
876 920 1003 954 eisdem
1033 922 1142 956 verbis
1175 921 1358 963 contineat,

219 997 303 1031 quae
335 985 397 1018 sub
428 985 568 1018 nomine
593 983 766 1029 Pamphili
791 997 809 1017 a
839 992 873 1017 te
903 983 983 1017 ficta
1013 994 1106 1026 sunt,
1138 985 1359 1031 perspicuum

218 1057 268 1080 est
290 1056 323 1080 te
348 1047 480 1080 idcirco
507 1047 634 1080 librum
658 1047 748 1080 hunc
780 1045 998 1080 disseminare
1030 1047 1198 1091 voluisse,
1229 1057 1268 1081 ut
1297 1049 1358 1081 suh

216 1123 363 1156 persona
400 1109 561 1156 Martyris
599 1109 752 1143 haeresin
792 1108 1064 1144 introduceres.«
1113 1110 1209 1144 Idem
1248 1121 1361 1145 narrat

217 1174 278 1208 lib.
295 1174 357 1206 ΙΙΙ.
383 1173 542 1206 adversus
566 1173 746 1206 Rufinum:
773 1171 848 1205 »De
872 1171 1045 1218 Pamphili
1070 1172 1160 1206 libro
1185 1185 1254 1207 non
1278 1174 1361 1207 ridi-

219 1237 352 1277 culosa,
378 1245 416 1269 ut
439 1245 478 1269 tu
502 1235 637 1277 scribis,
662 1236 722 1268 sed
745 1234 889 1268 ridicula
913 1235 998 1268 mihi
1021 1236 1112 1270 forte
1137 1249 1190 1270 res
1217 1237 1358 1280 accidit;

218 1309 256 1331 ut
279 1308 462 1344 postquam
485 1298 625 1332 Eusebii
649 1298 849 1332 asseruerim
883 1311 971 1338 esse,
1002 1311 1071 1332 non
1095 1299 1285 1345 Pamphili,
1317 1301 1360 1334 ad

221 1370 409 1394 extremum
433 1361 587 1403 dixerim,
614 1361 715 1394 etiam
739 1374 794 1394 me
820 1374 923 1394 annos
940 1361 1108 1406 plurimos
1132 1362 1198 1396 lioc
1214 1372 1360 1408 putasse,

220 1426 314 1470 quod
337 1424 508 1470 Pamphili
532 1424 653 1464 fuerit,
686 1433 720 1456 et
746 1438 765 1457 a
794 1433 827 1457 te
854 1424 1026 1469 exemplar
1056 1424 1153 1471 hujus
1178 1426 1360 1460 voluminis

219 1497 411 1521 mutuatum
429 1512 570 1522 ......
617 1478 671 1519 De
696 1496 756 1519 tuo
783 1487 911 1520 Codice
938 1487 1030 1533 quasi
1054 1487 1226 1534 Pamphili
1251 1502 1362 1522 exem-

220 1552 295 1597 plar
318 1550 520 1596 accepimus.
570 1549 708 1584 Credidi
732 1549 935 1596 Christiano,
960 1560 993 1583 et
1018 1550 1148 1584 credidi
1172 1552 1360 1586 monacho:

220 1628 291 1647 non
315 1614 432 1659 putavi
463 1613 753 1654 tantumssceleris
786 1626 804 1647 a
835 1622 868 1646 te
899 1626 1000 1659 posse
1035 1613 1191 1656 confingi.
1237 1614 1361 1648 Postea

221 1689 302 1709 vero
328 1690 390 1721 per
413 1676 730 1722 interpretationem
756 1686 850 1710 tuam
874 1676 1071 1722 quaestione
1097 1685 1216 1709 contra
1241 1677 1361 1719 Orige-

222 1752 301 1773 nem
326 1748 401 1771 toto
428 1740 511 1772 orbe
529 1749 712 1779 commota,
736 1740 771 1772 in
796 1739 1004 1785 quaerendis>
1020 1738 1268 1785 exemplaribus
1285 1740 1362 1773 dili-

223 1801 355 1845 gentior
395 1801 464 1841 sui,
503 1811 536 1835 et
572 1802 605 1835 in
643 1802 850 1837 Caesariensi
883 1802 1097 1836 Bibliotheca
1128 1802 1267 1836 Eusebii
1305 1817 1361 1837 sex

223 1863 398 1897 volumina
421 1864 534 1909 reperi
559 1864 760 1910 ἀπολογίας
784 1864 875 1912 ὑπὲρ
897 1864 1118 1912 Ὼριγένους.
1162 1865 1260 1910 Quae
1284 1879 1362 1900 cum

223 1926 390 1970 legissem,
414 1926 562 1971 primum
588 1939 664 1960 eum
691 1927 816 1961 librum
841 1927 1061 1973 deprehendi,
1087 1942 1188 1974 quem
1206 1939 1244 1962 tu
1268 1929 1361 1964 solus

225 1991 287 2024 sub
311 1988 450 2022 nomine
474 1989 632 2035 Martyris
660 1989 814 2033 edidisti,
848 1991 889 2023 de
913 1991 1006 2024 Filio
1033 2001 1067 2025 et
1090 1991 1222 2038 Spiritu
1245 2002 1360 2027 saneto

225 2054 260 2086 in
300 2053 426 2085 bonam
465 2061 595 2096 partem
636 2052 808 2099 plerisque
846 2054 1063 2100 blasphemiis
1105 2055 1328 2089 commutatis.
1341 2071 1361 2089 «

225 2117 322 2149 Idem
353 2115 453 2149 habet
482 2115 540 2152 lib.
566 2116 592 2149 I.
625 2117 813 2162 Apologiae
852 2118 1008 2151 adversus
1040 2119 1219 2152 Rufinum:
1268 2119 1361 2153 »Sex

228 2179 354 2218 libros,
377 2187 416 2211 ut
439 2186 514 2211 ante
538 2177 604 2224 jam
629 2178 708 2220 dixi,
732 2172 898 2214 Eusebius
925 2180 1146 2215 Caesariensis
1171 2181 1361 2227 episcopus,

229 2241 372 2276 Arianae
398 2242 568 2287 quondam
593 2241 730 2284 signifer
763 2244 937 2284 factionis,
968 2258 1032 2290 pro
1058 2244 1204 2287 Origene
1229 2243 1363 2289 scripsit

230 2304 428 2339 latissimum
454 2314 487 2338 ct
512 2305 722 2342 elaboratum
748 2320 851 2356 opus,
882 2318 914 2343 ct
938 2308 1054 2343 multis
1078 2306 1280 2342 testimoniis
1304 2319 1363 2357 ap-
