1422 2472
352 80 538 111 Avome
564 88 631 110 vno
659 77 837 110 OmGENE.
1103 76 1166 110 401

37 168 132 201 initio
158 169 305 200 facturae
330 167 446 200 mundi
478 167 571 200 Deus
608 166 731 199 dicitur
761 166 945 198 insufflasse
978 166 1010 198 in
1048 166 1168 205 Adam,

37 230 125 274 de¹)
150 229 220 274 ipsa
243 229 311 262 Dei
336 242 405 262 esse
438 242 510 261 eam
534 228 716 260 substantia
746 227 962 272 profitentes:
993 228 1167 271 quomodo

36 304 104 324 non
130 300 163 324 et
186 291 241 324 isti
265 290 469 323 videbuntur
493 290 748 334 quodammodo
774 290 854 321 haec
866 288 901 333 ²)
925 298 1058 333 praeter
1080 288 1171 322 Scri-

38 363 156 397 ptume
178 352 339 394 regulam,
365 360 398 383 et
421 351 587 384 rationem
612 350 745 395 pietatis
776 363 938 390 asserere,
971 351 1061 395 quod
1094 351 1171 383 sub-

40 415 158 446 stantia
179 413 248 446 Dei
273 423 322 446 est
347 425 431 458 quae
455 422 590 457 peccat,
622 413 650 445 si
679 413 806 452 anima,
839 424 923 457 quae
956 412 997 444 de
1021 413 1171 444 substan-

40 476 84 508 tia
107 475 174 508 Dei
199 484 265 517 est,
297 484 433 520 peccat;
463 474 600 519 insuper
630 473 729 506 etiam
763 474 856 519 quod
887 483 919 507 et
949 475 1070 518 poenis
1094 476 1171 508 sub—

42 537 151 570 denda
174 536 217 570 sit
240 549 304 581 pro
329 535 497 581 peccato?
544 536 658 580 Sed3)
685 546 717 569 et
740 536 827 569 illud
851 549 896 575 se,
920 536 1028 581 (quod
1052 539 1173 581 perab-

40 599 179 632 surdum
205 599 281 642 est,)
305 598 475 631 incurrere
500 610 569 630 non
594 597 724 637 vident,
759 598 835 642 quia
865 610 999 630 necesse
1026 608 1076 631 est
1100 611 1172 631 eam

40 660 140 692 simul
165 673 242 692 cum
267 671 412 703 corpore
436 660 537 702 mori,
563 668 596 691 et
620 672 689 691 esse
713 660 905 699 mortalem,
929 659 956 692 si
979 659 1080 692 simul
1097 674 1171 693 cum

42 734 186 766 corpore
211 721 265 753 vel
299 720 477 769 seminata,
508 721 561 753 vel
592 722 753 762 formata,
785 722 839 754 vel
870 731 946 755 nata
979 731 1037 754 est.
1085 723 1173 755 Tum

44 783 165 816 deinde
189 783 253 823 illi,
277 782 332 827 qui
356 795 456 814 unam
482 782 620 827 quidem
653 795 693 815 ex
724 783 826 816 nullis
859 784 1087 816 substantibus
1098 784 1131 828 ⁴)
1156 797 1174 816 a

44 846 119 878 Deo
144 846 268 878 factam
292 856 362 876 esse
387 843 506 876 dicunt
521 843 677 885 animam,
702 844 737 877 id
758 854 817 885 est,
836 845 946 886 illam,
970 858 1053 890 quae
1067 846 1174 890 prima

42 908 128 941 facta
153 916 202 939 est
224 907 259 939 in
284 906 412 946 Adam,
442 915 475 938 et
505 918 543 938 ex
575 919 611 939 ea
636 905 702 951 jam
728 906 880 939 omnium
906 907 1082 940 hominum
1106 908 1177 940 ani-

45 981 114 1001 mas
139 968 311 1008 exsistere,
342 977 376 1000 et
405 968 590 1000 secundum
622 969 836 1013 corporalem
868 969 939 1001 sine
971 969 1076 1002 dubio
1101 983 1176 1002 suc-

47 1030 231 1063 cessionem
255 1029 475 1073 traducem⁵)
503 1043 640 1075 quoque
665 1030 739 1063 fieri
764 1031 960 1071 animarum,
985 1031 1084 1063 etiam
1112 1032 1175 1076 ipsi

47 1092 128 1137 quid
152 1091 245 1124 aliud
269 1092 460 1132 ostendunt,
483 1091 548 1124 nisi
572 1092 696 1124 animas
721 1105 790 1124 esse
814 1091 996 1126 mortales?
1027 1093 1063 1126 Si
1088 1094 1176 1126 enim

47 1156 132 1187 sicut
155 1152 310 1185 animalia
336 1162 444 1186 cetera
470 1166 508 1186 ex
541 1154 615 1186 solo
647 1154 772 1186 semine
806 1154 976 1194 oriuntur,
1008 1154 1054 1187 ita
1078 1155 1176 1188 etiam

1 1224 5 1229 ”
47 1217 88 1248 de
113 1214 306 1247 hominibus
331 1215 523 1255 sentiamus,
547 1226 585 1248 ut
609 1229 683 1248 cum
705 1229 849 1260 corpore
873 1215 974 1248 simul
997 1216 1030 1249 in
1056 1218 1176 1249 eodem

48 1277 173 1310 semine
199 1276 297 1309 etiam
322 1276 431 1309 anima
457 1278 685 1318 diffundatur,
719 1277 801 1323 quid
831 1278 973 1311 dicimus
985 1278 1019 1323 ⁶)
1052 1280 1093 1311 de
1117 1279 1177 1320 his,

49 1339 107 1384 qui
130 1338 320 1384 imperfecti
333 1339 366 1383 ⁷)
392 1339 500 1372 adhuc
525 1349 557 1372 et
581 1340 622 1372 de
648 1350 762 1372 ventre
776 1340 887 1373 aborsi
906 1349 993 1380 sunt,
1019 1350 1051 1373 et
1063 1340 1096 1385 S)
1122 1342 1179 1385 qui

47 1413 290 1445 nonnunquam
324 1400 422 1433 etiam
455 1411 632 1446 antequam
664 1403 877 1434 vasculorum
903 1403 1103 1435 naturalium
1127 1417 1178 1436 re-

50 1462 232 1508 ceptaculis
255 1462 382 1495 semina
405 1462 471 1495 sint
493 1472 656 1508 suscepta,
681 1464 891 1509 depereunt?
915 1464 952 1497 ln
970 1465 1090 1509 quibus
1109 1466 1178 1499 sine

149 1603 179 1646 ¹)
205 1602 285 1635 Mss.
310 1602 464 1646 plerique
490 1602 594 1634 male:
625 1603 689 1643 „de
722 1603 792 1647 ipsa
816 1603 883 1636 Dei
908 1616 977 1638 esse
1002 1619 1074 1638 eam
1099 1609 1177 1640 sub-

52 1647 202 1682 stantiam
226 1647 457 1692 profitentesf‘
1131 1648 1134 1649 ⁷

143 1704 179 1748 2)
202 1703 289 1737 Edd.
313 1703 361 1736 w1.
386 1703 486 1742 „1100

146 1761 181 1804 ³)
206 1760 256 1792 Ita
281 1772 397 1792 omnes
421 1759 500 1792 Mss.
526 1758 643 1793 nostri.
693 1761 737 1792 At
761 1772 840 1792 vero
865 1761 947 1794 editi
978 1763 1024 1807 (v.
1051 1777 1078 1796 c.
1104 1765 1179 1798 edd.

55 1805 122 1849 M.)
144 1805 237 1845 „Sed
261 1814 294 1836 et
318 1804 403 1836 illud
428 1804 521 1848 quod
543 1803 714 1849 sequitur,
738 1806 830 1850 quod
854 1808 1096 1850 perabsurdum
1122 1820 1181 1850 est,

56 1852 224 1883 incurrere
247 1862 317 1882 non
340 1850 571 1894 praevident.“
596 1851 635 1882 R.

147 1907 181 1951 4)
207 1906 257 1938 Ita
282 1918 397 1938 omnes
420 1906 500 1939 Mss.
525 1906 643 1941 nostri.
692 1908 735 1939 At
760 1919 839 1940 vero
868 1908 949 1941 editi
980 1909 1027 1953 (v.
1053 1923 1079 1943 c.
1105 1912 1180 1945 edd.

59 1951 127 1996 M.)
153 1950 465 1993 ‚‚subsistentibus.“
489 1952 531 1984 R.

149 2008 183 2053 ⁵)
208 2008 288 2040 Mss.
312 2006 420 2039 nostri
444 2019 561 2040 omnes
585 2008 723 2041 hahent:
748 2008 804 2049 „in
827 2009 1034 2042 traducem.“
1058 2011 1098 2045 R.

150 2064 185 2108 ⁶)
208 2062 301 2096 Editi
327 2064 373 2107 (v.
400 2076 426 2097 c.
453 2064 528 2096 edd.
553 2063 619 2108 M.)
643 2065 849 2106 ‚,dicemus.“
873 2065 913 2097 R.

97 2136 100 2139 -
150 2118 184 2163 ⁷)
210 2119 320 2153 Codd.
344 2119 554 2152 sorbonicus
579 2129 611 2152 et
635 2120 667 2153 S.
684 2120 877 2153 Michaelis:
903 2121 1126 2161 ‚‚1ntersect1“
1143 2125 1183 2159 R.

152 2175 186 2219 8)
213 2174 339 2208 Omnes
363 2175 442 2208 Mss
477 2185 536 2218 „et
565 2177 657 2220 quod
687 2189 924 2221 nonnunquam
949 2180 1048 2212 etiam
1073 2180 1183 2226 (editi,

63 2234 92 2252 V.
118 2233 145 2253 c.
171 2220 246 2253 edd.
271 2220 319 2253 M
329 2245 337 2259 ‚
363 2220 524 2253 omittunt
553 2222 672 2263 eliam)
703 2227 900 2266 antequam“
935 2232 996 2257 etc.
1044 2226 1111 2260 Sed
1137 2228 1184 2261 le-

61 2265 205 2307 gendum
229 2264 362 2298 videtur
384 2275 423 2298 ut
445 2265 478 2298 in
502 2275 617 2299 nostro
644 2276 745 2301 textu.
769 2268 809 2301 R.

109 2327 285 2361 Omessms
310 2327 435 2360 OPERA
460 2328 556 2361 Τ.οΜ
580 2329 703 2361 XXIV
948 2331 992 2365 26
