<?xml version="1.0" encoding="UTF-8"?>
<!DOCTYPE html PUBLIC "-//W3C//DTD XHTML 1.0 Transitional//EN"
    "http://www.w3.org/TR/xhtml1/DTD/xhtml1-transitional.dtd">
<html xmlns="http://www.w3.org/1999/xhtml" xml:lang="en" lang="en">
 <head>
  <title>
</title>
<meta http-equiv="Content-Type" content="text/html;charset=utf-8" />
  <meta name='ocr-system' content='tesseract 3.04.00' />
  <meta name='ocr-capabilities' content='ocr_page ocr_carea ocr_par ocr_line ocrx_word'/>
</head>
<body>
  <div class='ocr_page' id='page_1' title='image "./operaomniaquaegr24orig/operaomniaquaegr24orig_0318.png"; bbox 0 0 1413 2482; ppageno 0'>
   <div class='ocr_carea' id='block_1_1' title="bbox 211 83 998 119">
    <p class='ocr_par' dir='ltr' id='par_1_1' title="bbox 211 83 998 119">
     <span class='ocr_line' id='line_1_1' title="bbox 211 83 998 119; baseline -0.001 0"><span class='ocrx_word' id='word_1_1' title='bbox 211 84 276 119; x_wconf 81' lang='lat'>302</span> <span class='ocrx_word' id='word_1_2' title='bbox 548 83 581 116; x_wconf 86' lang='lat' dir='ltr'>S.</span> <span class='ocrx_word' id='word_1_3' title='bbox 610 83 785 116; x_wconf 47' lang='lat' dir='ltr'>Prummu</span> <span class='ocrx_word' id='word_1_4' title='bbox 810 84 998 118; x_wconf 53' lang='lat' dir='ltr'>Mam-nus</span> 
     </span>
    </p>
   </div>
   <div class='ocr_carea' id='block_1_2' title="bbox 204 172 1343 1394">
    <p class='ocr_par' dir='ltr' id='par_1_2' title="bbox 204 172 1343 1394">
     <span class='ocr_line' id='line_1_2' title="bbox 210 172 1339 224; baseline 0 -18"><span class='ocrx_word' id='word_1_5' title='bbox 210 186 286 216; x_wconf 83' lang='lat' dir='ltr'>gare</span> <span class='ocrx_word' id='word_1_6' title='bbox 312 173 342 206; x_wconf 83' lang='lat' dir='ltr'>ei</span> <span class='ocrx_word' id='word_1_7' title='bbox 366 173 458 212; x_wconf 77' lang='lat' dir='ltr'>viro,</span> <span class='ocrx_word' id='word_1_8' title='bbox 500 172 559 224; x_wconf 86' lang='lat' dir='ltr'>qui</span> <span class='ocrx_word' id='word_1_9' title='bbox 592 185 653 217; x_wconf 85' lang='lat' dir='ltr'>per</span> <span class='ocrx_word' id='word_1_10' title='bbox 683 183 735 207; x_wconf 86' lang='lat' dir='ltr'>tot</span> <span class='ocrx_word' id='word_1_11' title='bbox 766 187 870 207; x_wconf 87' lang='lat' dir='ltr'>annos</span> <span class='ocrx_word' id='word_1_12' title='bbox 902 174 1058 216; x_wconf 72' lang='lat' dir='ltr'>magister</span> <span class='ocrx_word' id='word_1_13' title='bbox 1082 174 1241 208; x_wconf 75' lang='lat' dir='ltr'>ecclesiae</span> <span class='ocrx_word' id='word_1_14' title='bbox 1266 175 1339 214; x_wconf 82' lang='lat' dir='ltr'>suit,</span> 
     </span>
     <span class='ocr_line' id='line_1_3' title="bbox 211 234 1340 281; baseline 0.002 -13"><span class='ocrx_word' id='word_1_15' title='bbox 211 236 268 281; x_wconf 88' lang='lat' dir='ltr'>qui</span> <span class='ocrx_word' id='word_1_16' title='bbox 292 235 325 267; x_wconf 90' lang='lat' dir='ltr'>in</span> <span class='ocrx_word' id='word_1_17' title='bbox 351 234 490 267; x_wconf 85' lang='lat' dir='ltr'>ecclesia</span> <span class='ocrx_word' id='word_1_18' title='bbox 515 234 680 268; x_wconf 81' lang='lat' dir='ltr'>catholica</span> <span class='ocrx_word' id='word_1_19' title='bbox 695 236 726 280; x_wconf 90' lang='lat'>¹)</span> <span class='ocrx_word' id='word_1_20' title='bbox 752 236 872 275; x_wconf 84' lang='lat' dir='ltr'>senuit,</span> <span class='ocrx_word' id='word_1_21' title='bbox 899 236 956 281; x_wconf 84' lang='lat' dir='ltr'>qui</span> <span class='ocrx_word' id='word_1_22' title='bbox 980 237 1136 269; x_wconf 80' lang='lat' dir='ltr'>adversus</span> <span class='ocrx_word' id='word_1_23' title='bbox 1161 249 1214 270; x_wconf 78' lang='lat' dir='ltr'>eas</span> <span class='ocrx_word' id='word_1_24' title='bbox 1226 237 1340 270; x_wconf 86' lang='lat' dir='ltr'>haere-</span> 
     </span>
     <span class='ocr_line' id='line_1_4' title="bbox 210 296 1341 343; baseline 0 -12"><span class='ocrx_word' id='word_1_25' title='bbox 210 311 272 337; x_wconf 86' lang='lat' dir='ltr'>ses,</span> <span class='ocrx_word' id='word_1_26' title='bbox 296 309 380 342; x_wconf 87' lang='lat' dir='ltr'>quae</span> <span class='ocrx_word' id='word_1_27' title='bbox 401 296 462 329; x_wconf 90' lang='lat' dir='ltr'>illo</span> <span class='ocrx_word' id='word_1_28' title='bbox 495 305 650 341; x_wconf 84' lang='lat' dir='ltr'>tempore</span> <span class='ocrx_word' id='word_1_29' title='bbox 683 297 858 330; x_wconf 81' lang='lat' dir='ltr'>ecclesiam</span> <span class='ocrx_word' id='word_1_30' title='bbox 889 298 1146 343; x_wconf 67' lang='lat' dir='ltr'>impugnabant,</span> <span class='ocrx_word' id='word_1_31' title='bbox 1183 298 1230 331; x_wconf 83' lang='lat' dir='ltr'>ita</span> <span class='ocrx_word' id='word_1_32' title='bbox 1262 311 1341 331; x_wconf 81' lang='lat' dir='ltr'>con·</span> 
     </span>
     <span class='ocr_line' id='line_1_5' title="bbox 211 358 1340 399; baseline -0.001 -7"><span class='ocrx_word' id='word_1_33' title='bbox 211 368 344 399; x_wconf 82' lang='lat' dir='ltr'>stanter,</span> <span class='ocrx_word' id='word_1_34' title='bbox 369 359 413 391; x_wconf 86' lang='lat' dir='ltr'>ita</span> <span class='ocrx_word' id='word_1_35' title='bbox 439 358 573 390; x_wconf 78' lang='lat' dir='ltr'>sortiter</span> <span class='ocrx_word' id='word_1_36' title='bbox 597 359 787 398; x_wconf 74' lang='lat' dir='ltr'>dimicavit,</span> <span class='ocrx_word' id='word_1_37' title='bbox 812 369 848 392; x_wconf 90' lang='lat' dir='ltr'>ut</span> <span class='ocrx_word' id='word_1_38' title='bbox 873 360 985 392; x_wconf 83' lang='lat' dir='ltr'>omnia</span> <span class='ocrx_word' id='word_1_39' title='bbox 1011 373 1128 393; x_wconf 84' lang='lat' dir='ltr'>eorum</span> <span class='ocrx_word' id='word_1_40' title='bbox 1154 359 1340 393; x_wconf 85' lang='lat' dir='ltr'>diabolicae</span> 
     </span>
     <span class='ocr_line' id='line_1_6' title="bbox 210 420 1341 461; baseline 0.003 -9"><span class='ocrx_word' id='word_1_41' title='bbox 210 420 465 453; x_wconf 81' lang='lat' dir='ltr'>machinationis</span> <span class='ocrx_word' id='word_1_42' title='bbox 491 421 706 453; x_wconf 80' lang='lat' dir='ltr'>fundamenta</span> <span class='ocrx_word' id='word_1_43' title='bbox 730 421 951 461; x_wconf 82' lang='lat' dir='ltr'>subverterit,</span> <span class='ocrx_word' id='word_1_44' title='bbox 985 435 1053 455; x_wconf 91' lang='lat' dir='ltr'>non</span> <span class='ocrx_word' id='word_1_45' title='bbox 1077 422 1268 455; x_wconf 79' lang='lat' dir='ltr'>studiorum</span> <span class='ocrx_word' id='word_1_46' title='bbox 1293 421 1341 455; x_wconf 82' lang='lat' dir='ltr'>la-</span> 
     </span>
     <span class='ocr_line' id='line_1_7' title="bbox 207 482 1343 524; baseline 0.002 -10"><span class='ocrx_word' id='word_1_47' title='bbox 207 483 339 521; x_wconf 85' lang='lat' dir='ltr'>borem,</span> <span class='ocrx_word' id='word_1_48' title='bbox 363 495 432 514; x_wconf 90' lang='lat' dir='ltr'>non</span> <span class='ocrx_word' id='word_1_49' title='bbox 459 482 694 523; x_wconf 81' lang='lat' dir='ltr'>continentiae,</span> <span class='ocrx_word' id='word_1_50' title='bbox 719 497 786 515; x_wconf 82' lang='lat' dir='ltr'>nun</span> <span class='ocrx_word' id='word_1_51' title='bbox 812 483 1050 524; x_wconf 84' lang='lat' dir='ltr'>institutionis,</span> <span class='ocrx_word' id='word_1_52' title='bbox 1082 497 1150 517; x_wconf 90' lang='lat' dir='ltr'>non</span> <span class='ocrx_word' id='word_1_53' title='bbox 1175 483 1343 517; x_wconf 80' lang='lat' dir='ltr'>humilita-</span> 
     </span>
     <span class='ocr_line' id='line_1_8' title="bbox 210 544 1342 593; baseline 0.002 -17"><span class='ocrx_word' id='word_1_54' title='bbox 210 544 272 584; x_wconf 80' lang='lat' dir='ltr'>tis,</span> <span class='ocrx_word' id='word_1_55' title='bbox 305 557 389 589; x_wconf 81' lang='lat' dir='ltr'>quae</span> <span class='ocrx_word' id='word_1_56' title='bbox 420 558 523 589; x_wconf 85' lang='lat' dir='ltr'>super</span> <span class='ocrx_word' id='word_1_57' title='bbox 535 544 568 589; x_wconf 84' lang='lat'>²)</span> <span class='ocrx_word' id='word_1_58' title='bbox 602 554 727 577; x_wconf 81' lang='lat' dir='ltr'>ceteras</span> <span class='ocrx_word' id='word_1_59' title='bbox 761 558 877 578; x_wconf 85' lang='lat' dir='ltr'>omnes</span> <span class='ocrx_word' id='word_1_60' title='bbox 909 546 1047 579; x_wconf 85' lang='lat' dir='ltr'>virtutes</span> <span class='ocrx_word' id='word_1_61' title='bbox 1072 546 1141 593; x_wconf 84' lang='lat' dir='ltr'>ejus</span> <span class='ocrx_word' id='word_1_62' title='bbox 1166 545 1342 578; x_wconf 79' lang='lat' dir='ltr'>maximam</span> 
     </span>
     <span class='ocr_line' id='line_1_9' title="bbox 209 606 1341 652; baseline 0.002 -14"><span class='ocrx_word' id='word_1_63' title='bbox 209 606 347 649; x_wconf 81' lang='lat' dir='ltr'>gratiam</span> <span class='ocrx_word' id='word_1_64' title='bbox 372 607 534 646; x_wconf 84' lang='lat' dir='ltr'>continet,</span> <span class='ocrx_word' id='word_1_65' title='bbox 558 620 626 639; x_wconf 90' lang='lat' dir='ltr'>non</span> <span class='ocrx_word' id='word_1_66' title='bbox 651 607 736 639; x_wconf 88' lang='lat' dir='ltr'>illud</span> <span class='ocrx_word' id='word_1_67' title='bbox 752 617 840 640; x_wconf 88' lang='lat' dir='ltr'>certe</span> <span class='ocrx_word' id='word_1_68' title='bbox 854 608 1115 648; x_wconf 78' lang='lat' dir='ltr'>considerantes,</span> <span class='ocrx_word' id='word_1_69' title='bbox 1140 608 1232 652; x_wconf 88' lang='lat' dir='ltr'>quod</span> <span class='ocrx_word' id='word_1_70' title='bbox 1263 619 1341 652; x_wconf 81' lang='lat' dir='ltr'>pre-</span> 
     </span>
     <span class='ocr_line' id='line_1_10' title="bbox 207 668 1340 714; baseline 0 -13"><span class='ocrx_word' id='word_1_71' title='bbox 207 668 346 714; x_wconf 82' lang='lat' dir='ltr'>sbyterii</span> <span class='ocrx_word' id='word_1_72' title='bbox 371 668 531 710; x_wconf 82' lang='lat' dir='ltr'>dignitate</span> <span class='ocrx_word' id='word_1_73' title='bbox 556 668 589 701; x_wconf 91' lang='lat' dir='ltr'>in</span> <span class='ocrx_word' id='word_1_74' title='bbox 614 668 755 702; x_wconf 88' lang='lat' dir='ltr'>ecclesia</span> <span class='ocrx_word' id='word_1_75' title='bbox 770 668 954 702; x_wconf 78' lang='lat' dir='ltr'>honoratus</span> <span class='ocrx_word' id='word_1_76' title='bbox 973 678 1030 702; x_wconf 84' lang='lat' dir='ltr'>est.</span> <span class='ocrx_word' id='word_1_77' title='bbox 1069 669 1166 714; x_wconf 83' lang='lat' dir='ltr'>Quae</span> <span class='ocrx_word' id='word_1_78' title='bbox 1183 669 1209 702; x_wconf 81' lang='lat' dir='ltr'>si</span> <span class='ocrx_word' id='word_1_79' title='bbox 1229 669 1340 702; x_wconf 86' lang='lat' dir='ltr'>omnia</span> 
     </span>
     <span class='ocr_line' id='line_1_11' title="bbox 206 730 1342 777; baseline -0.002 -13"><span class='ocrx_word' id='word_1_80' title='bbox 206 731 249 764; x_wconf 86' lang='lat' dir='ltr'>ad</span> <span class='ocrx_word' id='word_1_81' title='bbox 283 732 508 764; x_wconf 84' lang='lat' dir='ltr'>revocandam</span> <span class='ocrx_word' id='word_1_82' title='bbox 550 731 716 773; x_wconf 79' lang='lat' dir='ltr'>linguam,</span> <span class='ocrx_word' id='word_1_83' title='bbox 754 730 1116 777; x_wconf 85' lang='lat' dir='ltr'>comprimendumque</span> <span class='ocrx_word' id='word_1_84' title='bbox 1151 742 1342 764; x_wconf 82' lang='lat' dir='ltr'>sermonem</span> 
     </span>
     <span class='ocr_line' id='line_1_12' title="bbox 206 779 1342 838; baseline -0.001 -13"><span class='ocrx_word' id='word_1_85' title='bbox 206 793 361 826; x_wconf 73' lang='lat' dir='ltr'>sufficere</span> <span class='ocrx_word' id='word_1_86' title='bbox 384 806 453 825; x_wconf 84' lang='lat' dir='ltr'>non</span> <span class='ocrx_word' id='word_1_87' title='bbox 477 802 628 837; x_wconf 87' lang='lat' dir='ltr'>possunt,</span> <span class='ocrx_word' id='word_1_88' title='bbox 652 792 736 825; x_wconf 88' lang='lat' dir='ltr'>illud</span> <span class='ocrx_word' id='word_1_89' title='bbox 761 779 880 825; x_wconf 80' lang='lat' dir='ltr'>saltem</span> <span class='ocrx_word' id='word_1_90' title='bbox 907 794 1130 838; x_wconf 83' lang='lat' dir='ltr'>contemplari</span> <span class='ocrx_word' id='word_1_91' title='bbox 1147 793 1342 831; x_wconf 82' lang='lat' dir='ltr'>debuerant,</span> 
     </span>
     <span class='ocr_line' id='line_1_13' title="bbox 208 854 1339 900; baseline 0 -14"><span class='ocrx_word' id='word_1_92' title='bbox 208 863 364 899; x_wconf 88' lang='lat' dir='ltr'>quantam</span> <span class='ocrx_word' id='word_1_93' title='bbox 395 854 528 887; x_wconf 87' lang='lat' dir='ltr'>ridendi</span> <span class='ocrx_word' id='word_1_94' title='bbox 545 855 579 899; x_wconf 74' lang='lat'>3)</span> <span class='ocrx_word' id='word_1_95' title='bbox 610 854 784 886; x_wconf 84' lang='lat' dir='ltr'>materiam</span> <span class='ocrx_word' id='word_1_96' title='bbox 816 854 1027 898; x_wconf 69' lang='lat' dir='ltr'>Gentilibus,</span> <span class='ocrx_word' id='word_1_97' title='bbox 1069 863 1293 900; x_wconf 83' lang='lat' dir='ltr'>quantamque</span> <span class='ocrx_word' id='word_1_98' title='bbox 1305 854 1339 897; x_wconf 78' lang='lat'>⁴)</span> 
     </span>
     <span class='ocr_line' id='line_1_14' title="bbox 206 915 1339 961; baseline -0.001 -12"><span class='ocrx_word' id='word_1_99' title='bbox 206 916 381 949; x_wconf 83' lang='lat' dir='ltr'>haereticis</span> <span class='ocrx_word' id='word_1_100' title='bbox 405 917 642 961; x_wconf 79' lang='lat' dir='ltr'>praebeant,⁵)</span> <span class='ocrx_word' id='word_1_101' title='bbox 669 929 744 949; x_wconf 91' lang='lat' dir='ltr'>cum</span> <span class='ocrx_word' id='word_1_102' title='bbox 767 929 834 956; x_wconf 89' lang='lat' dir='ltr'>eos,</span> <span class='ocrx_word' id='word_1_103' title='bbox 860 930 944 961; x_wconf 87' lang='lat' dir='ltr'>quos</span> <span class='ocrx_word' id='word_1_104' title='bbox 961 926 1141 950; x_wconf 84' lang='lat' dir='ltr'>assertores</span> <span class='ocrx_word' id='word_1_105' title='bbox 1160 915 1339 950; x_wconf 85' lang='lat' dir='ltr'>Christiani</span> 
     </span>
     <span class='ocr_line' id='line_1_15' title="bbox 206 977 1340 1022; baseline -0.001 -11"><span class='ocrx_word' id='word_1_106' title='bbox 206 978 371 1020; x_wconf 82' lang='lat' dir='ltr'>dogmatis</span> <span class='ocrx_word' id='word_1_107' title='bbox 402 987 436 1010; x_wconf 83' lang='lat' dir='ltr'>et</span> <span class='ocrx_word' id='word_1_108' title='bbox 467 978 661 1012; x_wconf 79' lang='lat' dir='ltr'>defensores</span> <span class='ocrx_word' id='word_1_109' title='bbox 697 979 931 1022; x_wconf 80' lang='lat' dir='ltr'>putabant,⁶)</span> <span class='ocrx_word' id='word_1_110' title='bbox 977 978 1145 1011; x_wconf 80' lang='lat' dir='ltr'>confutari</span> <span class='ocrx_word' id='word_1_111' title='bbox 1175 990 1263 1010; x_wconf 83' lang='lat' dir='ltr'>nune</span> <span class='ocrx_word' id='word_1_112' title='bbox 1295 977 1340 1010; x_wconf 88' lang='lat' dir='ltr'>vi-</span> 
     </span>
     <span class='ocr_line' id='line_1_16' title="bbox 205 1039 1339 1085; baseline -0.002 -12"><span class='ocrx_word' id='word_1_113' title='bbox 205 1042 315 1079; x_wconf 83' lang='lat' dir='ltr'>deant,</span> <span class='ocrx_word' id='word_1_114' title='bbox 340 1049 372 1072; x_wconf 87' lang='lat' dir='ltr'>ct</span> <span class='ocrx_word' id='word_1_115' title='bbox 396 1040 551 1085; x_wconf 79' lang='lat' dir='ltr'>refelli7)</span> <span class='ocrx_word' id='word_1_116' title='bbox 576 1053 594 1072; x_wconf 87' lang='lat' dir='ltr'>a</span> <span class='ocrx_word' id='word_1_117' title='bbox 619 1039 776 1084; x_wconf 83' lang='lat' dir='ltr'>propriis,</span> <span class='ocrx_word' id='word_1_118' title='bbox 802 1049 835 1072; x_wconf 92' lang='lat' dir='ltr'>et</span> <span class='ocrx_word' id='word_1_119' title='bbox 852 1041 944 1072; x_wconf 79' lang='lat' dir='ltr'>velut</span> <span class='ocrx_word' id='word_1_120' title='bbox 961 1039 1052 1072; x_wconf 77' lang='lat' dir='ltr'>civili</span> <span class='ocrx_word' id='word_1_121' title='bbox 1068 1040 1162 1072; x_wconf 86' lang='lat' dir='ltr'>bello</span> <span class='ocrx_word' id='word_1_122' title='bbox 1175 1040 1339 1082; x_wconf 83' lang='lat' dir='ltr'>gaudeant</span> 
     </span>
     <span class='ocr_line' id='line_1_17' title="bbox 204 1101 1337 1147; baseline 0 -13"><span class='ocrx_word' id='word_1_123' title='bbox 204 1103 449 1147; x_wconf 87' lang='lat' dir='ltr'>impugnatum,</span> <span class='ocrx_word' id='word_1_124' title='bbox 474 1115 573 1146; x_wconf 88' lang='lat' dir='ltr'>quem</span> <span class='ocrx_word' id='word_1_125' title='bbox 598 1101 663 1146; x_wconf 88' lang='lat' dir='ltr'>ipsi</span> <span class='ocrx_word' id='word_1_126' title='bbox 688 1102 857 1135; x_wconf 82' lang='lat' dir='ltr'>hostiliter</span> <span class='ocrx_word' id='word_1_127' title='bbox 871 1102 1066 1147; x_wconf 87' lang='lat' dir='ltr'>impugnare</span> <span class='ocrx_word' id='word_1_128' title='bbox 1082 1102 1150 1134; x_wconf 78' lang='lat' dir='ltr'>non</span> <span class='ocrx_word' id='word_1_129' title='bbox 1171 1110 1337 1147; x_wconf 80' lang='lat' dir='ltr'>poterant.</span> 
     </span>
     <span class='ocr_line' id='line_1_18' title="bbox 208 1162 1338 1209; baseline -0.001 -13"><span class='ocrx_word' id='word_1_130' title='bbox 208 1164 382 1208; x_wconf 85' lang='lat' dir='ltr'>Quoniam</span> <span class='ocrx_word' id='word_1_131' title='bbox 407 1176 486 1206; x_wconf 83' lang='lat' dir='ltr'>ergo</span> <span class='ocrx_word' id='word_1_132' title='bbox 512 1163 753 1209; x_wconf 89' lang='lat' dir='ltr'>quamplurimi</span> <span class='ocrx_word' id='word_1_133' title='bbox 785 1177 822 1196; x_wconf 88' lang='lat' dir='ltr'>ex</span> <span class='ocrx_word' id='word_1_134' title='bbox 856 1163 1119 1208; x_wconf 87' lang='lat' dir='ltr'>simplicioribus</span> <span class='ocrx_word' id='word_1_135' title='bbox 1151 1162 1338 1208; x_wconf 87' lang='lat' dir='ltr'>quibusque</span> 
     </span>
     <span class='ocr_line' id='line_1_19' title="bbox 205 1224 1336 1271; baseline -0.002 -12"><span class='ocrx_word' id='word_1_136' title='bbox 205 1226 363 1259; x_wconf 79' lang='lat' dir='ltr'>fratribus</span> <span class='ocrx_word' id='word_1_137' title='bbox 388 1239 405 1259; x_wconf 91' lang='lat' dir='ltr'>a</span> <span class='ocrx_word' id='word_1_138' title='bbox 429 1239 529 1271; x_wconf 89' lang='lat' dir='ltr'>supra</span> <span class='ocrx_word' id='word_1_139' title='bbox 561 1226 658 1259; x_wconf 88' lang='lat' dir='ltr'>dictis</span> <span class='ocrx_word' id='word_1_140' title='bbox 683 1226 881 1265; x_wconf 85' lang='lat' dir='ltr'>laeduntur,</span> <span class='ocrx_word' id='word_1_141' title='bbox 911 1238 979 1258; x_wconf 91' lang='lat' dir='ltr'>non</span> <span class='ocrx_word' id='word_1_142' title='bbox 993 1225 1027 1269; x_wconf 81' lang='lat'>⁸)</span> <span class='ocrx_word' id='word_1_143' title='bbox 1057 1226 1169 1258; x_wconf 91' lang='lat' dir='ltr'>solum</span> <span class='ocrx_word' id='word_1_144' title='bbox 1201 1225 1242 1257; x_wconf 89' lang='lat' dir='ltr'>de</span> <span class='ocrx_word' id='word_1_145' title='bbox 1277 1224 1336 1264; x_wconf 83' lang='lat' dir='ltr'>his,</span> 
     </span>
     <span class='ocr_line' id='line_1_20' title="bbox 206 1285 1335 1333; baseline -0.003 -12"><span class='ocrx_word' id='word_1_146' title='bbox 206 1288 265 1333; x_wconf 90' lang='lat' dir='ltr'>qui</span> <span class='ocrx_word' id='word_1_147' title='bbox 290 1291 332 1321; x_wconf 89' lang='lat' dir='ltr'>de</span> <span class='ocrx_word' id='word_1_148' title='bbox 356 1288 431 1333; x_wconf 82' lang='lat' dir='ltr'>ipso</span> <span class='ocrx_word' id='word_1_149' title='bbox 455 1289 541 1321; x_wconf 88' lang='lat' dir='ltr'>male</span> <span class='ocrx_word' id='word_1_150' title='bbox 565 1288 728 1327; x_wconf 87' lang='lat' dir='ltr'>sentiunt,</span> <span class='ocrx_word' id='word_1_151' title='bbox 760 1288 817 1320; x_wconf 89' lang='lat' dir='ltr'>sed</span> <span class='ocrx_word' id='word_1_152' title='bbox 853 1287 952 1320; x_wconf 84' lang='lat' dir='ltr'>etiam</span> <span class='ocrx_word' id='word_1_153' title='bbox 978 1288 1019 1319; x_wconf 88' lang='lat' dir='ltr'>de</span> <span class='ocrx_word' id='word_1_154' title='bbox 1045 1287 1110 1326; x_wconf 85' lang='lat' dir='ltr'>his,</span> <span class='ocrx_word' id='word_1_155' title='bbox 1142 1286 1199 1331; x_wconf 88' lang='lat' dir='ltr'>qui</span> <span class='ocrx_word' id='word_1_156' title='bbox 1223 1285 1335 1319; x_wconf 88' lang='lat' dir='ltr'>studio</span> 
     </span>
     <span class='ocr_line' id='line_1_21' title="bbox 205 1347 1334 1394; baseline -0.003 -11"><span class='ocrx_word' id='word_1_157' title='bbox 205 1350 363 1383; x_wconf 86' lang='lat' dir='ltr'>scientiae</span> <span class='ocrx_word' id='word_1_158' title='bbox 388 1359 421 1382; x_wconf 87' lang='lat' dir='ltr'>et</span> <span class='ocrx_word' id='word_1_159' title='bbox 444 1349 737 1392; x_wconf 74' lang='lat' dir='ltr'>intelligendarum</span> <span class='ocrx_word' id='word_1_160' title='bbox 755 1350 1005 1394; x_wconf 85' lang='lat' dir='ltr'>Scripturarum</span> <span class='ocrx_word' id='word_1_161' title='bbox 1030 1349 1116 1382; x_wconf 89' lang='lat' dir='ltr'>inter</span> <span class='ocrx_word' id='word_1_162' title='bbox 1140 1357 1288 1381; x_wconf 80' lang='lat' dir='ltr'>caeteros</span> <span class='ocrx_word' id='word_1_163' title='bbox 1301 1347 1334 1392; x_wconf 87' lang='lat'>⁹)</span> 
     </span>
    </p>
   </div>
   <div class='ocr_carea' id='block_1_3' title="bbox 206 1410 1334 1456">
    <p class='ocr_par' dir='ltr' id='par_1_3' title="bbox 206 1410 1334 1456">
     <span class='ocr_line' id='line_1_22' title="bbox 206 1410 1334 1456; baseline -0.003 -12"><span class='ocrx_word' id='word_1_164' title='bbox 206 1413 311 1445; x_wconf 88' lang='lat' dir='ltr'>libros</span> <span class='ocrx_word' id='word_1_165' title='bbox 342 1413 442 1445; x_wconf 87' lang='lat' dir='ltr'>etiam</span> <span class='ocrx_word' id='word_1_166' title='bbox 466 1411 635 1456; x_wconf 89' lang='lat' dir='ltr'>ipsius¹⁰)</span> <span class='ocrx_word' id='word_1_167' title='bbox 665 1410 788 1456; x_wconf 88' lang='lat' dir='ltr'>scripta</span> <span class='ocrx_word' id='word_1_168' title='bbox 821 1411 1051 1456; x_wconf 84' lang='lat' dir='ltr'>conspiciunt,</span> <span class='ocrx_word' id='word_1_169' title='bbox 1076 1411 1122 1443; x_wconf 86' lang='lat' dir='ltr'>ita</span> <span class='ocrx_word' id='word_1_170' title='bbox 1137 1411 1143 1429; x_wconf 91' lang='lat'>¹</span> <span class='ocrx_word' id='word_1_171' title='bbox 1160 1411 1190 1454; x_wconf 87' lang='lat'>¹)</span> <span class='ocrx_word' id='word_1_172' title='bbox 1214 1419 1253 1442; x_wconf 87' lang='lat' dir='ltr'>ut</span> <span class='ocrx_word' id='word_1_173' title='bbox 1277 1422 1334 1442; x_wconf 75' lang='lat' dir='ltr'>vos</span> 
     </span>
    </p>
   </div>
   <div class='ocr_carea' id='block_1_4' title="bbox 294 1532 1332 1914">
    <p class='ocr_par' dir='ltr' id='par_1_4' title="bbox 297 1532 1332 1636">
     <span class='ocr_line' id='line_1_23' title="bbox 299 1532 1332 1580; baseline -0.003 -13"><span class='ocrx_word' id='word_1_174' title='bbox 299 1535 330 1580; x_wconf 90' lang='lat'>¹)</span> <span class='ocrx_word' id='word_1_175' title='bbox 356 1533 640 1567; x_wconf 81' lang='lat' dir='ltr'>praetermittitur</span> <span class='ocrx_word' id='word_1_176' title='bbox 655 1534 689 1567; x_wconf 90' lang='lat' dir='ltr'>in</span> <span class='ocrx_word' id='word_1_177' title='bbox 706 1534 802 1567; x_wconf 89' lang='lat' dir='ltr'>editis</span> <span class='ocrx_word' id='word_1_178' title='bbox 821 1534 870 1578; x_wconf 89' lang='lat' dir='ltr'>(v.</span> <span class='ocrx_word' id='word_1_179' title='bbox 886 1548 913 1567; x_wconf 92' lang='lat' dir='ltr'>c.</span> <span class='ocrx_word' id='word_1_180' title='bbox 931 1534 1004 1567; x_wconf 86' lang='lat' dir='ltr'>edd.</span> <span class='ocrx_word' id='word_1_181' title='bbox 1020 1533 1085 1578; x_wconf 89' lang='lat' dir='ltr'>M.)</span> <span class='ocrx_word' id='word_1_182' title='bbox 1100 1533 1277 1568; x_wconf 78' lang='lat' dir='ltr'>catholica.</span> <span class='ocrx_word' id='word_1_183' title='bbox 1295 1532 1332 1565; x_wconf 84' lang='lat' dir='ltr'>R.</span> 
     </span>
     <span class='ocr_line' id='line_1_24' title="bbox 297 1588 765 1636; baseline 0 -13"><span class='ocrx_word' id='word_1_184' title='bbox 297 1590 332 1636; x_wconf 88' lang='lat'>²)</span> <span class='ocrx_word' id='word_1_185' title='bbox 355 1591 442 1623; x_wconf 87' lang='lat' dir='ltr'>Edd.</span> <span class='ocrx_word' id='word_1_186' title='bbox 469 1591 517 1623; x_wconf 88' lang='lat' dir='ltr'>M.</span> <span class='ocrx_word' id='word_1_187' title='bbox 541 1603 658 1635; x_wconf 81' lang='lat' dir='ltr'>supra.</span> <span class='ocrx_word' id='word_1_188' title='bbox 759 1588 765 1591; x_wconf 45' lang='lat'>¹</span> 
     </span>
    </p>

    <p class='ocr_par' dir='ltr' id='par_1_5' title="bbox 296 1642 1034 1691">
     <span class='ocr_line' id='line_1_25' title="bbox 296 1642 1034 1691; baseline -0.001 -12"><span class='ocrx_word' id='word_1_189' title='bbox 296 1648 330 1691; x_wconf 83' lang='lat'>³)</span> <span class='ocrx_word' id='word_1_190' title='bbox 353 1646 446 1679; x_wconf 89' lang='lat' dir='ltr'>Editi</span> <span class='ocrx_word' id='word_1_191' title='bbox 471 1647 518 1691; x_wconf 91' lang='lat' dir='ltr'>(v.</span> <span class='ocrx_word' id='word_1_192' title='bbox 543 1642 673 1681; x_wconf 54' lang='lat' dir='ltr'>csedd.</span> <span class='ocrx_word' id='word_1_193' title='bbox 699 1646 764 1691; x_wconf 86' lang='lat' dir='ltr'>M.)</span> <span class='ocrx_word' id='word_1_194' title='bbox 787 1648 969 1680; x_wconf 74' lang='lat' dir='ltr'>irridendi.</span> <span class='ocrx_word' id='word_1_195' title='bbox 994 1646 1034 1679; x_wconf 83' lang='lat' dir='ltr'>R.</span> 
     </span>
    </p>

    <p class='ocr_par' dir='ltr' id='par_1_6' title="bbox 296 1703 924 1747">
     <span class='ocr_line' id='line_1_26' title="bbox 296 1703 924 1747; baseline 0.002 -12"><span class='ocrx_word' id='word_1_196' title='bbox 296 1703 330 1747; x_wconf 71' lang='lat'>⁴)</span> <span class='ocrx_word' id='word_1_197' title='bbox 354 1703 442 1735; x_wconf 85' lang='lat' dir='ltr'>Edd.</span> <span class='ocrx_word' id='word_1_198' title='bbox 468 1703 515 1735; x_wconf 83' lang='lat' dir='ltr'>M.</span> <span class='ocrx_word' id='word_1_199' title='bbox 541 1710 707 1747; x_wconf 80' lang='lat' dir='ltr'>quantam</span> <span class='ocrx_word' id='word_1_200' title='bbox 731 1704 924 1736; x_wconf 71' lang='lat' dir='ltr'>haereticis.</span> 
     </span>
    </p>

    <p class='ocr_par' dir='ltr' id='par_1_7' title="bbox 298 1759 802 1803">
     <span class='ocr_line' id='line_1_27' title="bbox 298 1759 802 1803; baseline 0.004 -13"><span class='ocrx_word' id='word_1_201' title='bbox 298 1759 331 1803; x_wconf 85' lang='lat'>⁵)</span> <span class='ocrx_word' id='word_1_202' title='bbox 357 1759 610 1791; x_wconf 86' lang='lat' dir='ltr'>Genebrardus:</span> <span class='ocrx_word' id='word_1_203' title='bbox 636 1760 802 1793; x_wconf 80' lang='lat' dir='ltr'>tribuant.</span> 
     </span>
    </p>

    <p class='ocr_par' dir='ltr' id='par_1_8' title="bbox 294 1814 804 1859">
     <span class='ocr_line' id='line_1_28' title="bbox 294 1814 804 1859; baseline -0.002 -12"><span class='ocrx_word' id='word_1_204' title='bbox 294 1814 329 1857; x_wconf 80' lang='lat'>⁶)</span> <span class='ocrx_word' id='word_1_205' title='bbox 354 1814 456 1850; x_wconf 83' lang='lat' dir='ltr'>Mser.</span> <span class='ocrx_word' id='word_1_206' title='bbox 479 1827 581 1847; x_wconf 89' lang='lat' dir='ltr'>unus:</span> <span class='ocrx_word' id='word_1_207' title='bbox 602 1822 737 1859; x_wconf 77' lang='lat' dir='ltr'>putant.</span> <span class='ocrx_word' id='word_1_208' title='bbox 764 1815 804 1847; x_wconf 88' lang='lat' dir='ltr'>R.</span> 
     </span>
    </p>

    <p class='ocr_par' dir='ltr' id='par_1_9' title="bbox 295 1867 1289 1914">
     <span class='ocr_line' id='line_1_29' title="bbox 295 1867 1289 1914; baseline -0.001 -13"><span class='ocrx_word' id='word_1_209' title='bbox 295 1871 328 1914; x_wconf 94' lang='lat'>⁷)</span> <span class='ocrx_word' id='word_1_210' title='bbox 354 1870 405 1901; x_wconf 88' lang='lat' dir='ltr'>Ita</span> <span class='ocrx_word' id='word_1_211' title='bbox 430 1870 508 1903; x_wconf 84' lang='lat' dir='ltr'>Mss.</span> <span class='ocrx_word' id='word_1_212' title='bbox 555 1870 648 1902; x_wconf 86' lang='lat' dir='ltr'>Editi</span> <span class='ocrx_word' id='word_1_213' title='bbox 674 1882 752 1902; x_wconf 86' lang='lat' dir='ltr'>vero</span> <span class='ocrx_word' id='word_1_214' title='bbox 779 1871 825 1913; x_wconf 79' lang='lat' dir='ltr'>(v.</span> <span class='ocrx_word' id='word_1_215' title='bbox 851 1882 878 1902; x_wconf 87' lang='lat' dir='ltr'>c.</span> <span class='ocrx_word' id='word_1_216' title='bbox 903 1868 979 1901; x_wconf 86' lang='lat' dir='ltr'>edd.</span> <span class='ocrx_word' id='word_1_217' title='bbox 1006 1867 1072 1912; x_wconf 82' lang='grc' dir='ltr'>Μ.)</span> <span class='ocrx_word' id='word_1_218' title='bbox 1097 1869 1224 1913; x_wconf 79' lang='lat' dir='ltr'>repelli.</span> <span class='ocrx_word' id='word_1_219' title='bbox 1251 1868 1289 1901; x_wconf 85' lang='lat' dir='ltr'>R.</span> 
     </span>
    </p>
   </div>
   <div class='ocr_carea' id='block_1_5' title="bbox 201 1923 1326 2319">
    <p class='ocr_par' dir='ltr' id='par_1_10' title="bbox 202 1923 1326 2015">
     <span class='ocr_line' id='line_1_30' title="bbox 293 1923 1326 1970; baseline -0.001 -12"><span class='ocrx_word' id='word_1_220' title='bbox 293 1926 327 1969; x_wconf 84' lang='lat'>⁸)</span> <span class='ocrx_word' id='word_1_221' title='bbox 351 1925 409 1959; x_wconf 87' lang='lat' dir='ltr'>Sic</span> <span class='ocrx_word' id='word_1_222' title='bbox 440 1935 529 1958; x_wconf 79' lang='lat' dir='ltr'>recte</span> <span class='ocrx_word' id='word_1_223' title='bbox 555 1926 634 1958; x_wconf 78' lang='lat' dir='ltr'>Mss.</span> <span class='ocrx_word' id='word_1_224' title='bbox 660 1926 805 1970; x_wconf 89' lang='lat' dir='ltr'>quidam.</span> <span class='ocrx_word' id='word_1_225' title='bbox 856 1924 968 1957; x_wconf 79' lang='lat' dir='ltr'>Ceteri</span> <span class='ocrx_word' id='word_1_226' title='bbox 995 1936 1092 1964; x_wconf 77' lang='lat' dir='ltr'>vcro,</span> <span class='ocrx_word' id='word_1_227' title='bbox 1117 1933 1150 1956; x_wconf 87' lang='lat' dir='ltr'>et</span> <span class='ocrx_word' id='word_1_228' title='bbox 1174 1923 1257 1957; x_wconf 88' lang='lat' dir='ltr'>editi</span> <span class='ocrx_word' id='word_1_229' title='bbox 1281 1925 1326 1968; x_wconf 89' lang='lat' dir='ltr'>(e.</span> 
     </span>
     <span class='ocr_line' id='line_1_31' title="bbox 202 1967 1324 2015; baseline -0.002 -10"><span class='ocrx_word' id='word_1_230' title='bbox 202 1986 228 2006; x_wconf 92' lang='lat' dir='ltr'>c.</span> <span class='ocrx_word' id='word_1_231' title='bbox 255 1972 330 2005; x_wconf 84' lang='lat' dir='ltr'>edd.</span> <span class='ocrx_word' id='word_1_232' title='bbox 355 1971 422 2014; x_wconf 84' lang='lat' dir='ltr'>M.)</span> <span class='ocrx_word' id='word_1_233' title='bbox 446 1984 513 2004; x_wconf 84' lang='lat' dir='ltr'>non</span> <span class='ocrx_word' id='word_1_234' title='bbox 531 1972 635 2004; x_wconf 81' lang='lat' dir='ltr'>solum</span> <span class='ocrx_word' id='word_1_235' title='bbox 653 1978 691 2004; x_wconf 81' lang='lat' dir='ltr'>ut</span> <span class='ocrx_word' id='word_1_236' title='bbox 705 1971 762 2014; x_wconf 81' lang='lat' dir='ltr'>(al.</span> <span class='ocrx_word' id='word_1_237' title='bbox 778 1970 854 2015; x_wconf 81' lang='lat' dir='ltr'>qui)</span> <span class='ocrx_word' id='word_1_238' title='bbox 868 1972 906 2003; x_wconf 81' lang='lat' dir='ltr'>cle</span> <span class='ocrx_word' id='word_1_239' title='bbox 919 1972 991 2014; x_wconf 80' lang='lat' dir='ltr'>ipso</span> <span class='ocrx_word' id='word_1_240' title='bbox 1006 1971 1093 2003; x_wconf 83' lang='lat' dir='ltr'>male</span> <span class='ocrx_word' id='word_1_241' title='bbox 1109 1967 1324 2004; x_wconf 49' lang='lat' dir='ltr'>sentiantxl.</span> 
     </span>
    </p>

    <p class='ocr_par' dir='ltr' id='par_1_11' title="bbox 294 2026 921 2073">
     <span class='ocr_line' id='line_1_32' title="bbox 294 2026 921 2073; baseline -0.002 -13"><span class='ocrx_word' id='word_1_242' title='bbox 294 2028 328 2073; x_wconf 70' lang='lat'>⁵¹)</span> <span class='ocrx_word' id='word_1_243' title='bbox 351 2026 438 2061; x_wconf 85' lang='lat' dir='ltr'>Edd.</span> <span class='ocrx_word' id='word_1_244' title='bbox 462 2027 511 2061; x_wconf 89' lang='lat' dir='ltr'>M.</span> <span class='ocrx_word' id='word_1_245' title='bbox 535 2034 660 2060; x_wconf 81' lang='lat' dir='ltr'>ceteros</span> <span class='ocrx_word' id='word_1_246' title='bbox 684 2030 785 2060; x_wconf 80' lang='lat' dir='ltr'>etiam</span> <span class='ocrx_word' id='word_1_247' title='bbox 808 2027 921 2060; x_wconf 81' lang='lat' dir='ltr'>libros.</span> 
     </span>
    </p>

    <p class='ocr_par' dir='ltr' id='par_1_12' title="bbox 274 2082 1308 2130">
     <span class='ocr_line' id='line_1_33' title="bbox 274 2082 1308 2130; baseline -0.003 -13"><span class='ocrx_word' id='word_1_248' title='bbox 274 2085 327 2130; x_wconf 93' lang='lat'>¹⁰)</span> <span class='ocrx_word' id='word_1_249' title='bbox 353 2083 431 2117; x_wconf 85' lang='lat' dir='ltr'>Mss.</span> <span class='ocrx_word' id='word_1_250' title='bbox 458 2082 609 2127; x_wconf 85' lang='lat' dir='ltr'>plerique</span> <span class='ocrx_word' id='word_1_251' title='bbox 634 2083 738 2115; x_wconf 86' lang='lat' dir='ltr'>male:</span> <span class='ocrx_word' id='word_1_252' title='bbox 762 2085 869 2127; x_wconf 78' lang='lat' dir='ltr'>ipsius</span> <span class='ocrx_word' id='word_1_253' title='bbox 893 2084 1026 2127; x_wconf 81' lang='lat' dir='ltr'>scripta</span> <span class='ocrx_word' id='word_1_254' title='bbox 1049 2083 1242 2125; x_wconf 79' lang='lat' dir='ltr'>conficiunt.</span> <span class='ocrx_word' id='word_1_255' title='bbox 1268 2082 1308 2114; x_wconf 86' lang='lat' dir='ltr'>R.</span> 
     </span>
    </p>

    <p class='ocr_par' dir='ltr' id='par_1_13' title="bbox 201 2137 1324 2319">
     <span class='ocr_line' id='line_1_34' title="bbox 276 2137 1321 2184; baseline -0.002 -12"><span class='ocrx_word' id='word_1_256' title='bbox 276 2141 328 2184; x_wconf 88' lang='lat'>¹¹)</span> <span class='ocrx_word' id='word_1_257' title='bbox 353 2139 440 2173; x_wconf 88' lang='lat' dir='ltr'>Edd.</span> <span class='ocrx_word' id='word_1_258' title='bbox 465 2139 511 2172; x_wconf 89' lang='grc' dir='ltr'>Μ.</span> <span class='ocrx_word' id='word_1_259' title='bbox 537 2141 587 2172; x_wconf 79' lang='lat' dir='ltr'>ita</span> <span class='ocrx_word' id='word_1_260' title='bbox 612 2146 648 2172; x_wconf 76' lang='lat' dir='ltr'>ut</span> <span class='ocrx_word' id='word_1_261' title='bbox 671 2152 730 2172; x_wconf 81' lang='lat' dir='ltr'>nos</span> <span class='ocrx_word' id='word_1_262' title='bbox 755 2151 883 2183; x_wconf 78' lang='lat' dir='ltr'>quoque</span> <span class='ocrx_word' id='word_1_263' title='bbox 910 2140 976 2182; x_wconf 74' lang='lat' dir='ltr'>ipsi</span> <span class='ocrx_word' id='word_1_264' title='bbox 999 2140 1037 2171; x_wconf 76' lang='lat' dir='ltr'>in</span> <span class='ocrx_word' id='word_1_265' title='bbox 1060 2137 1197 2170; x_wconf 78' lang='lat' dir='ltr'>dubium</span> <span class='ocrx_word' id='word_1_266' title='bbox 1220 2150 1321 2170; x_wconf 84' lang='lat' dir='ltr'>vene-</span> 
     </span>
     <span class='ocr_line' id='line_1_35' title="bbox 203 2182 1321 2227; baseline -0.005 -7"><span class='ocrx_word' id='word_1_267' title='bbox 203 2189 318 2227; x_wconf 76' lang='lat' dir='ltr'>rimus,</span> <span class='ocrx_word' id='word_1_268' title='bbox 346 2198 386 2218; x_wconf 81' lang='lat' dir='ltr'>ue</span> <span class='ocrx_word' id='word_1_269' title='bbox 408 2186 497 2227; x_wconf 79' lang='lat' dir='ltr'>forle</span> <span class='ocrx_word' id='word_1_270' title='bbox 519 2186 572 2217; x_wconf 80' lang='lat' dir='ltr'>vel</span> <span class='ocrx_word' id='word_1_271' title='bbox 594 2184 869 2218; x_wconf 50' lang='lat' dir='ltr'>mulsstndinf—</span> <span class='ocrx_word' id='word_1_272' title='bbox 895 2184 1012 2216; x_wconf 81' lang='lat' dir='ltr'>debeat</span> <span class='ocrx_word' id='word_1_273' title='bbox 1035 2182 1201 2216; x_wconf 75' lang='lat' dir='ltr'>adhiberi.</span> <span class='ocrx_word' id='word_1_274' title='bbox 1238 2182 1321 2215; x_wconf 84' lang='lat' dir='ltr'>Cod.</span> 
     </span>
     <span class='ocr_line' id='line_1_36' title="bbox 201 2226 1320 2273; baseline -0.004 -9"><span class='ocrx_word' id='word_1_275' title='bbox 201 2230 427 2270; x_wconf 77' lang='lat' dir='ltr'>sorbonicus,</span> <span class='ocrx_word' id='word_1_276' title='bbox 457 2239 489 2262; x_wconf 89' lang='lat' dir='ltr'>et</span> <span class='ocrx_word' id='word_1_277' title='bbox 522 2230 606 2263; x_wconf 91' lang='lat' dir='ltr'>Cod.</span> <span class='ocrx_word' id='word_1_278' title='bbox 640 2230 676 2262; x_wconf 84' lang='lat' dir='ltr'>S.</span> <span class='ocrx_word' id='word_1_279' title='bbox 702 2228 874 2262; x_wconf 53' lang='lat' dir='ltr'>Michaelis</span> <span class='ocrx_word' id='word_1_280' title='bbox 899 2229 931 2260; x_wconf 91' lang='lat' dir='ltr'>in</span> <span class='ocrx_word' id='word_1_281' title='bbox 956 2227 1109 2273; x_wconf 88' lang='lat' dir='ltr'>periculo</span> <span class='ocrx_word' id='word_1_282' title='bbox 1134 2226 1249 2260; x_wconf 84' lang='lat' dir='ltr'>maris:</span> <span class='ocrx_word' id='word_1_283' title='bbox 1273 2229 1320 2260; x_wconf 81' lang='lat' dir='ltr'>ti-</span> 
     </span>
     <span class='ocr_line' id='line_1_37' title="bbox 201 2274 1324 2319; baseline -0.004 -10"><span class='ocrx_word' id='word_1_284' title='bbox 201 2283 322 2310; x_wconf 72' lang='lat' dir='ltr'>mentes</span> <span class='ocrx_word' id='word_1_285' title='bbox 348 2283 383 2309; x_wconf 81' lang='lat' dir='ltr'>ut</span> <span class='ocrx_word' id='word_1_286' title='bbox 408 2282 439 2308; x_wconf 80' lang='lat' dir='ltr'>et</span> <span class='ocrx_word' id='word_1_287' title='bbox 462 2288 516 2308; x_wconf 75' lang='lat' dir='ltr'>ros</span> <span class='ocrx_word' id='word_1_288' title='bbox 541 2287 668 2319; x_wconf 80' lang='lat' dir='ltr'>quoque</span> <span class='ocrx_word' id='word_1_289' title='bbox 688 2277 753 2318; x_wconf 75' lang='lat' dir='ltr'>ipsi</span> <span class='ocrx_word' id='word_1_290' title='bbox 777 2274 1146 2313; x_wconf 68' lang='lat' dir='ltr'>indubiz1mteniretis,</span> <span class='ocrx_word' id='word_1_291' title='bbox 1171 2286 1212 2306; x_wconf 80' lang='lat' dir='ltr'>ue</span> <span class='ocrx_word' id='word_1_292' title='bbox 1234 2275 1324 2314; x_wconf 74' lang='lat' dir='ltr'>forle</span> 
     </span>
    </p>
   </div>
  </div>
 </body>
</html>
