1413 2482
151 58 198 94 22
491 59 602 92 Pssrm
635 59 808 93 Diumus
833 58 966 92 Ηυετιι

156 146 296 180 Joannis
321 147 505 190 tuentibus,
530 162 623 183 suam
649 149 722 195 ipse
739 147 939 182 sententiam
958 156 1185 193 expromeret.
1220 146 1301 180 Mo-

157 223 230 242 rem
261 210 360 252 gessit
392 210 641 259 Hieronymus,
679 221 712 244 et
735 211 906 244 luculenta
938 209 1177 255 responsione,
1210 221 1298 242 anno

158 272 284 306 Christi
310 272 387 309 393.
413 273 510 313 data,
541 286 654 306 veram
687 286 725 306 ac
749 272 927 315 genuinam
955 270 1182 305 contentionis
1206 283 1301 303 caus-

157 348 226 367 sam
255 347 324 367 esse
350 334 517 375 ostendit,
550 347 618 367 non
643 334 834 368 Pauliniani
867 333 1174 373 consecrationem,
1198 344 1298 377 quam

159 396 352 428 iracundiae
375 408 455 429 suae
481 397 630 429 ,loannes
655 397 919 440 praetendebat,
949 396 1010 429 sed
1035 393 1299 436 Origenismum,

159 471 258 502 quem
284 458 327 490 ad
352 467 432 490 octo
464 467 662 490 revocatum
695 457 806 503 capita
835 458 961 491 Joanni
995 455 1168 502 objectum
1197 454 1300 488 fuisse

160 528 282 559 narrat,
308 532 326 551 e
351 519 475 564 quibus
500 519 564 552 tria
588 529 716 552 tantum
742 518 945 565 purgaverit.
994 521 1107 563 Atque
1138 518 1220 550 haec
1251 516 1302 549 di-

162 580 305 622 ligenter
328 580 438 613 notari
461 580 577 627 jubeo,
600 590 639 614 ut
662 581 741 615 inde
767 581 1035 623 origenistarum
1061 579 1159 625 liujus
1182 578 1301 612 aetatis

163 642 319 675 doctrina
351 652 384 675 et
414 644 570 685 dogmata
603 643 636 676 in
669 643 899 676 controversia
922 643 1032 688 posita
1055 640 1197 687 spectari
1223 654 1303 685 pos-

163 703 238 738 sint.
286 704 438 738 Primum
465 705 550 738 illud
577 715 642 738 est:
667 719 730 739 nec
745 704 874 738 Filium
892 705 1008 738 videre
1033 717 1132 749 posse
1154 704 1302 742 Patrem,

163 779 225 799 nec
258 766 425 811 Spiritum
458 766 572 800 videre
605 780 704 812 posse
735 767 885 809 l¹filium3
919 766 1122 800 secundum:
1156 765 1302 798 animam

163 838 306 873 propter
330 839 467 873 peccata
492 841 509 860 e
535 829 634 861 coelo
659 829 762 862 fuisse
786 829 820 862 in
846 839 988 874 corpus,
1011 828 1060 862 sic
1083 838 1242 872 tanquam
1266 826 1302 859 in

163 903 333 923 carcerem
371 891 557 936 dejectam;
593 891 749 924 tertium:
784 892 934 924 futurum
975 900 1013 923 ut
1053 889 1229 922 diabolum
1270 898 1303 921 et

165 953 346 986 daemones
371 963 589 998 peccatorum
614 953 798 998 aliquando
824 953 1009 998 poeniteat,
1035 962 1068 984 et
1091 964 1165 983 cum
1182 950 1303 983 sanctis

164 1013 198 1046 in
224 1015 322 1047 coelo
347 1025 505 1057 regnent;
530 1025 703 1060 quartum:
735 1016 903 1048 Adamum
936 1023 969 1046 et
993 1014 1100 1046 Evam
1124 1022 1198 1045 aute
1223 1025 1303 1058 pec-

166 1085 277 1108 catum
307 1090 454 1122 corpore
485 1077 646 1118 caruisse,
676 1077 820 1109 humana
853 1086 966 1109 autem
992 1087 1136 1120 corpora
1160 1074 1200 1107 iis
1225 1084 1304 1118 post

165 1149 343 1183 peccatum
369 1139 609 1183 circumposita
641 1138 762 1171 tunicis
793 1137 947 1182 pelliceis
978 1136 1174 1179 significari3
1207 1136 1304 1181 quin-

167 1210 257 1234 tum:
283 1214 417 1234 carnem
441 1200 638 1245 neutiquam
662 1201 860 1233 suscitatum
886 1199 945 1239 iri,
976 1211 1045 1230 non
1069 1200 1221 1231 membra
1246 1199 1303 1230 de-

167 1276 236 1294 nuo
260 1262 360 1295 simul
388 1276 457 1295 esse
483 1263 747 1306 compingenda,
777 1275 858 1294 sexu
884 1260 1035 1293 homines
1059 1259 1194 1304 penitus
1220 1260 1304 1292 cari-

166 1333 283 1366 turos;
306 1334 453 1357 sextum:
481 1323 674 1368 paradisum
700 1332 890 1355 terrestrem
913 1322 1095 1363 allegorice
1113 1321 1303 1363 intelligen-

169 1386 268 1427 dum3
291 1386 490 1430 septimum:
515 1398 634 1430 aquas,
665 1398 749 1429 quae
780 1397 884 1428 super
908 1384 1044 1415 coelum
1068 1382 1102 1415 in
1126 1382 1303 1428 Scriptura

168 1461 238 1480 esse
263 1448 439 1487 dicuntur,
475 1448 612 1489 angelqs
644 1460 730 1487 essc;
768 1459 852 1490 quae
876 1459 976 1490 supra
1002 1454 1035 1477 ct
1058 1444 1145 1477 infra
1168 1454 1304 1485 terram,

166 1511 368 1553 daemone53
391 1498 620 1554 postremum:
645 1509 825 1550 imaginem
849 1506 917 1539 Dei
937 1507 1110 1552 peccando
1130 1507 1303 1540 hominem

168 1571 328 1604 amisisse.
376 1572 526 1604 Plurima
553 1582 725 1617 praetcrea
757 1570 847 1602 lectu
879 1568 977 1610 digna
1001 1570 1103 1601 habet
1126 1569 1208 1601 haec
1233 1569 1304 1613 cpi-

166 1633 265 1673 stola,
289 1633 316 1665 si
341 1633 415 1678 quis
440 1643 627 1671 accuratam
653 1643 846 1677 temporum
877 1631 1017 1663 illorum
1041 1630 1198 1663 notitiam
1223 1644 1304 1663 con-

167 1695 262 1739 sequi
289 1695 391 1739 cupit.
440 1697 478 1728 ld
503 1696 685 1740 praecipue
718 1693 901 1727 manifestis
931 1692 1119 1725 rationibus
1144 1706 1304 1737 compro-

166 1758 224 1789 bat
248 1757 486 1803 Hieronymus,
513 1758 604 1802 quod
630 1757 790 1795 diximus,
816 1764 892 1788 ante
918 1754 1110 1787 ordinatum
1135 1754 1304 1787 Paulinia-

170 1833 262 1859 num,
287 1819 352 1864 jam
379 1819 534 1861 Origenis
566 1832 677 1852 caussa
700 1818 868 1851 Joannem
899 1825 932 1848 et
961 1815 1190 1860 Epiphaniam
1216 1816 1304 1849 inter

167 1894 202 1914 se
237 1882 337 1914 fuisse
369 1881 559 1914 altercatus.
616 1881 849 1924 Quamobrem
887 1877 1082 1911 llalloxium
1121 1878 1245 1917 miror,
1271 1888 1303 1910 et

169 1944 376 1976 recentiores
401 1944 577 1987 quosdam,
605 1943 661 1986 qui
686 1942 856 1985 hodieque
882 1939 1122 1979 contradicant,
1146 1952 1209 1971 nec
1224 1939 1304 1972 Hie-

172 2005 305 2051 ronymi
328 2005 439 2036 solum
467 2004 699 2035 testimoninm
726 2003 824 2035 ssocci
848 2002 990 2040 saciant,
1013 2001 1073 2033 sed
1098 2010 1130 2033 et
1154 2000 1304 2045 Epipha-

170 2067 228 2107 nii,
254 2067 311 2111 qui
336 2067 379 2099 ila
403 2067 569 2099 Joanncm
593 2065 795 2110 alloquitur:
825 2064 952 2096 »Video
980 2062 1081 2101 cuim,
1108 2063 1199 2106 quod
1224 2075 1304 2106 pro-

171 2139 249 2174 pter
273 2130 356 2162 hanc
388 2142 535 2161 caussam
561 2127 669 2159 omnis
702 2136 808 2158 vestra
841 2125 1026 2167 indignatio
1060 2123 1227 2156 concitata
1250 2123 1304 2163 sit,

171 2193 263 2236 quod
287 2191 429 2224 dixerim
454 2190 567 2223 vobis:
603 2188 674 2221 Arii
701 2197 849 2232 patrem,
884 2187 1064 2229 Origene-m
1089 2184 1235 2223 scilicet,
1270 2193 1302 2215 ct

168 2253 310 2286 aliarum
335 2254 517 2287 haereseon
542 2251 689 2285 radicem
721 2260 753 2283 ct
786 2258 960 2294 parentem
991 2248 1127 2281 laudare
1150 2260 1221 2280 nou
1245 2246 1303 2278 dc·
