1422 2472
393 97 709 134 Omoesiasoaum
732 98 847 134 Linea
863 98 930 134 111.
1132 101 1199 139 133

54 190 97 223 ad
121 201 192 234 cap.
216 187 249 224 8.
277 200 365 224 vers.
391 189 439 228 4..
474 189 600 231 insigne
632 190 858 231 fragmentum
887 188 1039 223 indidem
1073 201 1195 235 expro-

53 250 123 286 mit.
171 249 281 295 Ipsius
315 250 581 296 explicationum
611 250 645 285 in
675 250 905 284 Ecclesiasten
936 250 1055 284 scribit
1079 251 1194 286 Sixtus

52 311 245 347 meminisse
269 311 485 346 Methodium
518 312 552 345 in
584 312 672 346 libro
704 314 747 347 de
779 313 1039 347 resurrectione.
1089 313 1196 358 Quod

54 375 214 420 equidem
238 374 272 407 in
297 374 508 417 fragmentis,
540 388 625 420 quae
657 376 748 420 apud
771 374 1022 420 Epiphanium‚
1048 384 1082 409 et
1103 375 1198 410 Pho-

53 438 140 471 tium
165 445 302 477 exstant,
326 450 492 483 nusquam
515 436 663 482 reperio.
710 438 750 470 In
775 437 954 471 Canticum
973 437 1195 473 canticorum

51 500 197 532 multum
222 498 347 532 laboris
373 509 406 532 et
429 498 533 532 studii
557 498 741 531 contulisse
765 498 877 544 ipsum
901 508 1043 533 testatur
1068 500 1200 544 Grego-

53 562 121 594 rius
146 561 313 606 Nyssenus
338 561 371 595 in
395 562 556 595 Prooem.
584 561 773 595 Commeat.
807 561 841 594 in
866 559 995 595 Cantic.
1023 561 1195 599 Canticor.

55 623 326 658 Commentarios
351 623 489 670 quidem
516 633 549 656 et
574 622 741 656 Homilias
765 622 799 655 in
823 621 912 656 hunc
936 622 1063 657 librum
1086 625 1194 658 dedit.

55 685 299 719 Commentarii
324 685 478 730 duplices
504 686 658 719 suerunt:
700 685 846 718 Parvum
879 686 1028 719 Tomum
1062 686 1193 732 juvenis

51 747 200 792 scripsit,
233 761 249 780 e
275 761 343 792 quo
368 747 524 790 laciniam
550 747 652 792 capiti
677 747 824 792 septimo
851 747 1061 782 philocaliae
1086 749 1191 783 intex-

49 819 118 844 tam
154 809 400 855 deprehendas:
433 809 525 842 annis
559 822 638 842 vcro
673 811 872 855 provectior
905 811 1024 844 decem
1053 824 1196 857 compo-

50 872 117 905 suit
141 872 290 913 Tomos,
322 885 407 917 quos
439 871 654 905 memorabili
686 871 799 914 elogio
834 871 1065 921 Hieronymus
1098 887 1194 908 exor-

50 933 153 974 navit,
176 933 211 967 in
235 934 387 976 Prologo
415 935 458 967 ad
481 934 685 974 Damasum,
711 947 789 967 suae
813 934 1088 980 interpretationi
1105 936 1193 970 ‘dua-

51 1010 126 1030 rum
152 996 308 1039 Origenis
333 996 562 1029 Homiliarum
586 996 620 1029 in
637 996 822 1041 ,Canticum
838 997 869 1042 ¹)
897 997 1066 1042 praefixo:
1093 998 1195 1033 »Ori-

52 1071 169 1100 genes,
209 1057 336 1102 inquit,
373 1072 449 1091 cum
481 1058 515 1091 in
551 1057 690 1091 caeteris
724 1057 820 1090 libris
845 1071 964 1092 omnes
988 1060 1128 1101 vicerit,
1157 1061 1193 1094 in

53 1120 193 1154 Cantico
221 1119 440 1153 Canticorum
470 1120 542 1165 ipse
575 1132 609 1151 se
635 1118 732 1151 vicit:
764 1133 843 1153 nam
867 1121 987 1154 decem
1009 1123 1194 1156 volumini-

52 1184 114 1216 bus
141 1182 317 1227 explicitis,
343 1195 427 1227 quae
452 1182 493 1214 ad
520 1181 636 1223 viginti
654 1194 759 1226 usque
778 1195 935 1215 versuum
952 1183 1061 1217 millia
1084 1197 1193 1230 paene

49 1245 262 1291 perveniunt,
284 1244 435 1290 primum
458 1244 669 1289 septuaginta
694 1243 915 1289 interpretes,
939 1245 1063 1278 deinde
1087 1246 1196 1292 Aqui-

50 1308 129 1347 lam,
161 1316 194 1340 et
218 1299 534 1353 Symmachum,¹et
558 1306 855 1347 Theodotionem,
881 1316 914 1340 et
937 1308 980 1341 ad
1004 1317 1192 1344 extremum

48 1369 200 1414 quintam
231 1367 435 1409 editionem,
479 1381 578 1413 quam
609 1368 643 1400 in
674 1368 774 1401 Actio
808 1368 926 1402 littore
959 1369 1126 1405 invenisse
1157 1386 1194 1406 se

48 1430 181 1471 scribit,
218 1430 264 1463 ita
287 1430 483 1473 magnifice,
517 1441 700 1475 aperteque
726 1429 902 1472 disseruit,
933 1441 972 1465 ut
1002 1432 1080 1466 inde
1107 1434 1192 1468 mihi

47 1493 203 1526 videatur
221 1492 255 1525 in
277 1506 318 1526 eo
338 1493 549 1538 completum
571 1505 640 1526 esse
663 1493 757 1537 quod
784 1492 924 1526 dicitur:
949 1495 1142 1530 Introduxit
1155 1498 1191 1543 ²)

45 1569 100 1589 me
124 1569 181 1589 rex
205 1555 238 1588 in
273 1555 466 1588 cubiculum
499 1569 628 1589 suum.«
683 1554 818 1588 Horum
857 1556 1190 1594 Commentariorum

46 1632 122 1664 pars
148 1632 217 1651 non
243 1618 489 1651 contemnenda
513 1617 546 1650 in
575 1617 725 1651 editione
750 1618 851 1651 latina
875 1618 1048 1666 hodieque
1073 1635 1191 1668 super..

46 1692 106 1722 cst,
130 1682 189 1714 sed
213 1681 301 1713 male
327 1681 360 1713 in
387 1680 555 1713 Homilias
580 1680 777 1724 distributa,
801 1690 838 1714 ut
865 1684 1080 1718 ostendemus
1104 1683 1190 1720 infe-

45 1745 124 1785 rius,
150 1757 226 1776 cum
253 1743 294 1776 de
319 1743 555 1788 superstitibus
581 1742 738 1785 Origcnis
769 1744 940 1790 Operibus
973 1746 1037 1780 erit
1068 1750 1188 1792 agendi

47 1808 151 1840 loeus.
198 1806 369 1840 Homilias
407 1815 519 1839 autem
556 1805 590 1839 in
623 1805 800 1840 Canticum
836 1808 918 1841 duas
956 1808 1187 1858 Hieronymus

46 1870 162 1903 Latine
187 1869 384 1914 explicavit:
414 1882 527 1915 »quas,
552 1878 589 1902 ut
613 1869 685 1915 ipse
710 1869 766 1909 ait,
791 1870 825 1902 in
843 1883 975 1904 morem
993 1873 1184 1918 quotidiani

47 1931 175 1976 eloquii
198 1931 348 1978 parvulis
372 1931 480 1964 adhuc
504 1931 705 1965 lactentibus
730 1931 927 1979 (Origenes)
954 1936 1182 1981 composuit.‹<

134 1994 176 2028 V.
226 1994 347 2027 Isaiam
378 1994 597 2027 Adamantius
623 1994 904 2037 Commentariis,
937 1996 1118 2039 Homiliis,
1150 2008 1184 2031 et

48 2055 192 2090 scholiis
223 2056 459 2101 interpretatus
494 2066 559 2100 est;
595 2066 628 2089 et
670 2057 1003 2093 Commentariorum
1044 2060 1182 2105 quidem

47 2116 181 2161 triginta
218 2116 333 2158 libris,
372 2118 533 2151 Homiliis
575 2119 690 2163 viginti
734 2120 894 2166 quinque.
953 2122 1181 2170 Hieronymus

146 2255 176 2297 ¹)
202 2253 263 2286 Ed.
283 2255 408 2291 Ruaei:
434 2258 588 2296 cantico.

143 2313 176 2359 ²)
203 2312 272 2349 Csr.
299 2312 426 2351 Cantic.
455 2315 622 2354 Camicor.
649 2318 731 2363 1,-4.
