1413 2482
191 94 258 130 2‘8
465 95 506 128 Ia·
535 95 694 128 Aroma.
720 93 855 129 SAscri
879 94 1062 129 Pmpmu

200 187 316 225 seram,
341 185 395 218 cui
421 185 654 218 contradicere
680 185 733 218 vel
759 184 854 218 stulti
875 185 928 225 sit,
953 185 1008 217 vel
1026 184 1241 230 impudentis.
1273 185 1340 219 Scx

199 248 368 281 librorum
399 247 538 281 Eusebii
569 260 672 292 super
703 247 860 290 Origenis
892 247 1103 281 Defensionc
1134 247 1341 293 principium

200 323 305 356 usque
330 310 372 343 ad
397 310 495 343 mille
520 322 633 344 versus
671 309 758 343 liber
789 310 869 351 iste,
907 310 965 355 qui
996 309 1166 355 Pamphili
1205 309 1341 350 dicitur,

201 371 365 414 continet,
391 382 424 406 et
449 373 481 406 in
506 373 645 419 reliquis
671 372 854 417 (versibus)
883 372 1031 419 scriptor
1055 371 1206 420 ejusdem
1231 373 1342 418 operis

200 435 334 480 profert
367 435 581 477 testimonia,
618 436 738 481 quibus
775 435 895 469 nititur
934 436 1125 481 approbare
1159 434 1343 477 OrIgenem

202 497 304 531 fuisse
337 497 564 532 Catholicum.
618 498 784 532 Eusebius
817 509 850 532 et
884 498 1080 544 Pamphilus
1107 507 1232 531 tantam
1256 497 1345 531 inter

200 573 235 593 se
261 561 409 594 habuere
436 562 674 603 concordiam,
707 571 745 594 ut
775 561 872 594 unius
904 561 1034 594 animae
1057 560 1212 593 homines
1235 569 1345 602 putes,

201 632 235 655 et
260 624 302 656 ab
327 637 395 656 uno
420 625 506 658 alter
529 637 656 658 nomen
680 624 858 670 acceperit.
908 624 1098 668 Quomodo
1130 622 1233 665 igitur
1255 622 1346 655 inter

201 698 235 718 se
261 685 438 720 dissentire
469 696 676 733 potuerunt,
705 697 743 720 ut
779 686 945 721 Eusebius
981 687 1014 719 in
1046 695 1120 719 toto
1154 697 1259 731 opere
1283 698 1344 718 suo

203 748 387 791 Origenem
415 750 528 783 Ariani
552 751 677 796 probet
701 750 878 792 dogmatis,
904 759 937 783 et
960 749 1157 795 Pamphilus
1179 748 1345 782 Nicaenae

200 811 332 857 synodi,
358 824 443 857 quae
467 812 532 846 fuit
556 822 686 858 postea,
712 811 953 846 defensorem?
982 812 1034 845 Ex
1059 824 1127 857 quo
1156 810 1347 844 ostenditur

200 873 256 906 vel
280 873 442 921 Didymi,
478 875 532 908 vel
566 875 747 922 cujuslibet
779 875 916 909 alterius
941 887 1011 908 esse
1036 874 1257 920 opusculum,
1288 873 1347 919 qui

201 949 258 969 sex
283 937 451 971 librorum
478 939 587 984 capite
613 939 834 981 detruncato,
867 947 977 971 cetera
1001 938 1153 971 membra
1176 936 1344 970 sociarit.«

202 1000 332 1034 Verum
364 1000 427 1034 sibi
458 1014 528 1034 non
561 1010 691 1034 constat
725 1001 964 1049 Hieronymus,
1020 1001 1107 1033 Nam
1139 999 1346 1033 contrarium

202 1063 344 1097 omuino
369 1063 485 1097 statuit
512 1063 571 1097 lib.
595 1063 640 1096 II.
669 1064 798 1098 advers.
824 1064 1005 1103 Rufinum,
1029 1063 1090 1096 ubi
1112 1071 1254 1096 testatur
1276 1063 1348 1108 pri-

201 1139 295 1159 mum
326 1125 467 1159 Eusebii
502 1126 628 1159 librum
660 1127 779 1160 eadem
811 1136 844 1160 et
871 1126 993 1160 iisdem
1025 1125 1136 1160 verbis
1161 1125 1348 1167 continere,

204 1202 289 1235 quae
314 1189 376 1222 sub
402 1189 541 1222 nomine
565 1189 738 1235 Pamphili
764 1203 782 1223 a
805 1189 930 1223 Rufino
958 1189 1048 1223 edita
1071 1197 1167 1229 sunt,
1193 1197 1227 1221 et
1251 1187 1348 1221 Rufi-

199 1265 283 1285 num
307 1264 422 1285 sensus
455 1253 614 1286 duntaxat
646 1253 687 1286 de
718 1253 812 1286 Filio
848 1262 881 1286 et
912 1252 1046 1298 Spiritu
1076 1260 1192 1285 sancto
1224 1251 1349 1284 immu-

200 1325 298 1356 tasse,
323 1327 382 1348 seu
406 1315 622 1360 pervertisse,
649 1315 708 1361 qni
732 1326 884 1361 apertam
907 1315 1150 1361 blasphemiam
1175 1315 1348 1359 praefere-

200 1379 294 1411 bant.
342 1378 615 1423 »perspicueque
641 1379 862 1424 deprehendi,
885 1378 1008 1424 inquit,
1033 1378 1127 1424 quod
1150 1376 1280 1422 primus
1305 1376 1348 1410 li-

202 1442 264 1473 ber
287 1454 343 1474 sex
369 1440 583 1474 voluminum
606 1441 747 1479 Eusebii
772 1442 845 1488 ipse
871 1451 972 1486 esset,
1000 1441 1059 1487 qui
1083 1453 1170 1474 unus
1194 1441 1257 1473 sub
1282 1453 1348 1474 no-

202 1503 295 1537 mine
317 1503 492 1549 Pamphili
515 1517 533 1537 a
556 1513 591 1538 te
615 1505 726 1538 editus
754 1515 804 1538 est
827 1515 896 1539 tam
922 1505 1067 1546 Graece,
1091 1516 1192 1549 quam
1217 1502 1347 1544 Latine,

201 1566 387 1600 immutatis
417 1568 578 1601 duntaxat
607 1567 759 1601 sensibus
780 1569 831 1601 -de
863 1568 958 1601 Filio
991 1576 1024 1601 et
1054 1567 1185 1612 Spiritu
1219 1576 1348 1607 sancto,

204 1630 262 1674 qui
286 1638 438 1674 apertam
463 1630 707 1676 blasphemiam
731 1631 970 1676 praeferebant
995 1655 1002 1664 .
1029 1656 1037 1665 .
1062 1655 1070 1663 .
1117 1629 1162 1662 Et
1180 1642 1256 1662 cum
1277 1629 1347 1674 pri-

203 1706 278 1726 mus
310 1693 397 1726 liber
429 1706 485 1726 sex
518 1693 731 1726 voluminum
762 1694 854 1727 illius
879 1691 1052 1739 (Eusebii)
1088 1691 1206 1724 eadem
1232 1700 1265 1725 et
1289 1691 1347 1725 iis-

204 1758 283 1789 dem
309 1755 420 1789 vcrbis
459 1756 648 1797 contineat,
690 1769 775 1802 quae
804 1757 866 1790 sub
898 1755 1037 1788 nomine
1067 1753 1241 1799 Pamphili
1270 1767 1288 1788 a
1311 1764 1345 1788 te

202 1820 280 1852 sicta
304 1828 403 1852 sunt.
421 1844 428 1852 .
448 1845 466 1860 .,
493 1832 637 1865 cumque
664 1820 705 1852 de
731 1819 796 1852 hoc
820 1820 895 1864 ipso
921 1818 1022 1858 libro,
1047 1830 1148 1862 quem
1173 1817 1344 1862 Pamphili

202 1881 351 1922 simulas,
375 1881 482 1915 multa
507 1884 725 1927 perverteris,
759 1892 793 1915 et
825 1882 924 1915 aliter
946 1880 981 1913 in
1006 1880 1155 1920 Graeco,
1189 1880 1287 1913 aliter
1309 1880 1346 1913 in

203 1945 322 1978 Latino
347 1944 419 1984 sit,«
448 1954 510 1977 etc.
559 1945 683 1978 Sensus
709 1945 868 1977 duntaxat
893 1944 938 1976 ait
953 1943 1113 1976 Rufinum
1133 1942 1344 1988 pervertisse,

202 2007 364 2041 nimirum
389 2007 527 2040 verbula
560 2007 746 2052 quaedam,
788 2019 872 2052 quae
904 2006 1132 2053 Hieronymus
1162 2005 1196 2038 in
1220 2006 1345 2039 malam

204 2079 336 2115 partem
360 2069 530 2110 trahebat,
569 2069 768 2114 quibusdam
794 2069 934 2110 additis,
969 2069 1170 2114 quibusdam
1195 2069 1344 2109 resectis,

204 2133 247 2165 ad
270 2134 396 2165 bonam
421 2132 643 2176 convertisse3
668 2145 736 2165 non
762 2131 908 2183 integros
933 2141 1107 2165 contextus
1130 2132 1343 2172 subtraxisse,

205 2205 237 2228 ct
261 2195 346 2228 alios
378 2195 596 2229 substituisse.
651 2195 693 2228 Et
726 2196 810 2228 hanc
844 2207 913 2227 csse
945 2193 1151 2239 Hieronymi
1181 2203 1342 2235 mentem,

205 2258 406 2300 intelligitur
439 2272 477 2291 ex
509 2258 567 2291 lib.
594 2258 650 2291 ΙΙΙ.
683 2258 811 2291 advers.
836 2258 1013 2298 Rufinum,
1047 2256 1105 2290 ubi
1131 2256 1176 2290 nit
1200 2257 1254 2289 vel
1279 2256 1341 2289 Di-

205 2321 359 2368 dymum,
393 2322 445 2355 vel
469 2321 648 2365 Rufinum,
684 2322 736 2356 vel
762 2321 864 2355 alium
890 2321 1004 2355 nescio
1031 2333 1132 2368 quem
1157 2320 1190 2354 in
1215 2320 1340 2354 bonam
