1413 2482
188 89 255 125 222
523 90 638 123 Pnrm
663 90 834 124 Daunius
859 90 989 124 Hom-u

187 179 365 212 subnixum
398 179 624 224 proponitur,
656 179 702 212 ita
733 179 831 212 nullo
864 179 1012 212 adducto
1044 190 1240 223 argumento
1276 194 1326 213 rc-

184 241 354 286 pudiatur.

275 303 337 334 III.
374 302 593 336 Ostendimus
617 314 716 346 supra
740 311 880 335 auctore
906 301 1118 349 Hieronymo
1141 305 1319 349 Στρωμα-

185 369 254 403 γεῖς
278 364 446 407 Origenis,
471 365 512 397 ad
531 366 752 398 Stromateon
768 364 954 398 Clementis
972 364 1189 398 Alexandrini
1213 378 1322 400 exem-

183 428 280 473 plum
320 426 549 471 compositos,
590 425 860 459 Christianorum
897 428 1054 470 dogmata
1096 440 1171 460 cum
1209 427 1323 472 philo-

183 489 373 533 sophorum
397 488 571 522 sententiis
597 489 790 530 contulisse,
815 490 942 535 illaque
970 503 1008 522 ex
1033 489 1073 522 iis
1098 489 1323 524 confirmasse.

183 551 368 596 Specimen
393 551 533 583 illorum
558 563 575 583 e
600 559 693 583 sexto
720 550 809 584 libro
836 552 1028 584 desumtum
1049 550 1185 583 exhibet
1201 550 1323 583 Hiero-

182 626 301 659 nymus
333 612 407 645 libr.
428 613 457 647 1.
490 613 636 658 Apolog.
669 613 796 646 advers.
822 614 935 647 Rufln.
970 626 1042 658 cap.
1060 613 1112 653 4.,
1145 625 1213 657 quo
1246 624 1323 644 cum

183 675 362 708 Platonem
395 674 579 707 induxisset
604 673 787 716 Origenes,
815 677 1025 721 probantem
1057 674 1238 708 mendacio
1271 673 1324 707 uti

182 737 366 782 aliquando
393 736 512 777 licere,
537 736 628 769 idem
652 748 826 770 sacrorum
851 738 1019 770 librorum
1045 735 1264 775 auctoritate,
1289 744 1323 767 et

182 787 352 837 Juditbae,
372 798 544 839 Estherae,
570 811 607 831 ac
619 798 741 832 Jacobi
765 797 973 844 patriarchae
993 798 1152 843 exemplo
1168 797 1320 830 adstruit.

274 861 328 892 lV.
369 860 610 902 Fragmentum
644 873 660 892 e
685 860 904 906 Protreptico
938 859 1094 902 Origenis
1125 859 1167 892 ad
1198 867 1321 905 marty-

180 922 268 955 rium
297 921 515 955 Bibliotheca
545 922 649 964 Regia
682 923 885 967 suppeditat.
941 923 1070 956 Totum
1101 933 1184 954 vero
1221 933 1318 965 opus,

179 983 396 1017 illustrissimi
432 983 564 1016 domini
601 984 644 1016 de
682 984 713 1016 la
749 985 877 1025 Banie,
923 982 1196 1018 Christianissimi
1232 981 1318 1024 regis

179 1047 270 1090 apud
299 1045 475 1078 Helvetios
512 1045 613 1087 legati
643 1054 727 1077 'cura
764 1059 781 1078 e
806 1045 984 1078 Basiliensi
1016 1044 1230 1078 Bibliotheca
1261 1045 1319 1077 de-

181 1117 366 1152 promtum‚
395 1107 464 1153 ejus
489 1108 593 1139 frater
610 1107 772 1140 ecclesiae
787 1107 982 1141 Parisiensis
999 1106 1200 1146 canonicus,
1223 1118 1317 1139 rarae

180 1169 231 1202 vir
255 1169 407 1214 pietatis,
439 1169 675 1209 humanitatis,
708 1179 741 1202 et
765 1169 982 1212 integritatis,
1013 1169 1080 1201 mei
1113 1168 1194 1214 juris
1225 1167 1317 1208 fecit,

179 1245 309 1276 suoque
327 1243 344 1263 a
361 1244 416 1264 me
436 1231 523 1264 inter
537 1231 693 1274 Origenis
709 1232 922 1278 Syntagmata
941 1231 1061 1264 ordine
1078 1230 1315 1263 collocabitur.

266 1295 307 1328 V.
340 1293 394 1326 De
421 1293 514 1326 libris
541 1303 658 1326 contra
683 1294 820 1327 Celsum
845 1294 889 1327 ita
915 1293 1068 1339 loquitur
1091 1292 1256 1326 Eusebius
1280 1291 1314 1324 in

176 1355 407 1390 Antirrhetico
444 1356 601 1389 adversus
638 1355 854 1388 Hieroclem:
903 1355 1067 1400 Λυνάμει
1106 1354 1138 1389 (Y
1164 1352 1232 1398 ἤδη
1270 1353 1313 1388 οὗ

175 1416 267 1463 πρὸς
290 1419 349 1460 τῆς
379 1418 476 1457 ἰδίας
507 1417 580 1452 κατ’
608 1417 727 1452 αὐτῶν
757 1419 904 1464 γραφῆς
933 1419 1217 1463 ἀνατέτραπται,
1251 1418 1312 1450 καὶ

176 1477 514 1525 προαπελήλεγκται
553 1481 592 1514 ἐν
620 1479 731 1519 ’ὅλοις
777 1477 867 1515 ὅκτω
913 1478 1192 1525 ξυγγράμμασι,
1237 1482 1311 1518 τοῖς

172 1542 348 1587 ’.Ωριγένει
368 1545 553 1587 γραφεῖσι,
580 1542 672 1588 πρὸς
694 1540 758 1577 τὸν
782 1539 1098 1588 ἀλαζωνικώτερον
1115 1544 1179 1577 τοῦ
1196 1543 1311 1586 ᾳιλα-

175 1603 309 1648 λήθους
345 1604 669 1649 ἐπιγεγραμμένον
692 1606 834 1639 Κέλὸου
869 1603 986 1647 ἀληθῆ
1019 1601 1151 1649 λόγον,
1189 1595 1218 1648 ᾧ
1249 1600 1311 1642 τὰς

176 1664 334 1704 εὐθύνας
359 1660 650 1711 ἀπαριιλείπτὶυς,
675 1667 716 1701 ἐν
740 1664 838 1705 ὅσοις
863 1664 1078 1712 εὑρήκαμεν,
1106 1663 1124 1699 ὁ
1147 1665 1310 1708 δεδηλω-

175 1730 286 1772 μένος
315 1726 546 1772 παραγαγών
577 1726 780 1773 ξυλλῆβδην
813 1727 881 1762 ὅσα
907 1730 955 1766 εἷς
987 1726 1052 1770 τὴν
1076 1725 1189 1770 αὐτὴν
1214 1725 1308 1761 ὑπό-

174 1794 280 1825 θεσιν
314 1792 428 1822 παντί
455 1801 503 1833 τῳ
540 1791 681 1834 εἴρηταί
713 1802 750 1825 τε
785 1792 847 1824 καὶ
880 1787 1076 1834 εἰρήσεται,
1113 1787 1309 1833 προλαβών

171 1848 375 1886 διελύσατο.
414 1850 524 1891 Ver03
549 1863 617 1882 non
643 1850 723 1883 alias
748 1851 838 1884 enim
863 1860 987 1884 tantam
1013 1850 1187 1883 doctrinae
1209 1849 1306 1884 Chri-

173 1913 296 1947 stianae
322 1921 355 1944 et
378 1912 542 1956 profanae
567 1913 776 1952 ubertatem,
809 1922 898 1945 tanta
922 1921 1198 1954 argumentorum
1222 1924 1307 1957 pon-

172 1977 251 2009 dera
284 1972 463 2019 expromit.
513 1973 636 2006 Caussa
666 1974 835 2007 scribendi
869 1973 987 2007 Celsus
1019 1974 1083 2006 suit
1106 1974 1305 2019 Epicureus,

172 2038 230 2083 qui
255 2035 477 2070 Christianam
500 2033 699 2076 religionem
724 2035 977 2081 impugnaverat
1002 2035 1109 2077 libro,
1148 2034 1201 2068 cui
1225 2035 1305 2068 titu-

172 2100 242 2132 lum
275 2098 417 2130 fecerat:
457 2095 594 2139 ἀληθὴς
625 2094 743 2142 λόγος,
798 2099 829 2130 Is
862 2112 936 2130 cum
969 2111 1100 2130 summo
1131 2097 1250 2142 plausu
1285 2109 1303 2130 a

171 2159 294 2195 Christi
317 2157 513 2191 adversariis
539 2157 657 2191 fuisset
681 2169 859 2205 exceptus,
886 2160 1131 2193 confutandum
1154 2158 1301 2203 suscepit

172 2221 342 2255 Ambrosii
382 2229 500 2262 rogatu
542 2221 778 2263 Adamantius,
821 2221 884 2267 jam
928 2223 1005 2255 licet
1043 2234 1061 2254 e
1103 2220 1185 2254 vivis
1224 2220 1300 2252 sub-

170 2286 237 2318 lato
265 2284 374 2318 Celso.
