1422 2472
340 68 653 102 officisis-maone„
682 67 797 100 Lmen
821 66 883 99 111.
1115 66 1180 102 123

38 159 177 205 proprie
203 158 300 191 dictis
326 172 389 191 vox
415 171 452 191 ea
478 158 603 190 tributa
626 157 687 196 sit,
713 156 942 201 quaerendum
963 164 1022 190 est.
1059 155 1181 189 Hiero—

37 233 157 267 nymus
181 220 329 254 scholiis
353 220 530 253 manifeste
554 217 675 252 tribuit
690 218 851 251 Prooem.
878 217 912 250 in
939 217 968 252 1.
985 216 1177 251 Commeat.

39 282 158 316 Isaiae:
197 282 411 321 »Feruntur,
437 280 565 326 inquit,
596 290 629 313 et
653 279 710 313 alii
734 280 796 313 sub
820 278 960 313 nomine
985 277 1056 325 ejus
1081 278 1179 324 (Ori-

39 343 146 388 genis)
174 344 215 376 de
239 343 370 377 visione
396 341 629 387 τετραπόδων
662 342 730 374 duo
758 341 800 374 ad
826 341 964 374 Gratam
988 340 1085 380 libri,
1121 340 1179 387 qui

37 404 288 450 pseudographi
319 414 498 450 putantur,
530 412 563 436 et
596 402 713 445 viginti
744 402 892 447 quinque
923 401 1114 445 Humili-ac,
1147 411 1181 435 et

39 466 261 512 σημειώσεις,
288 480 368 512 quas
392 480 454 500 nos
477 465 646 510 Excerpta
669 477 848 510 possumus
873 463 1079 508 appellate«
1116 463 1183 496 Ex-

39 537 152 573 cerpta
174 527 286 571 igitur,
309 541 368 562 seu
393 525 533 575 σχόλια,
560 539 598 559 ea
621 534 698 559 suut
721 524 943 572 σημειώσεΙς·
991 525 1038 558 At
1061 524 1182 559 Philo·

39 590 143 624 caliae
179 602 250 635 cap.
277 589 331 625 26.
370 590 434 636 (al.
458 588 554 634 27.,)
595 596 775 634 postquam
809 586 983 633 prolixum
1023 586 1180 629 Origenis

38 653 261 695 fragmentum
292 651 326 684 in
358 651 465 685 Exod.
490 651 541 691 X,
573 649 627 685 27.
659 651 832 696 prolatum
865 658 931 692 est,
962 649 1065 682 verba
1095 649 1178 683 haec

38 714 252 760 sequentibus
277 713 409 759 aliquot
438 712 633 755 fragmentis
664 712 912 758 praefiguntur:
961 714 1035 745 Καὶ
1067 710 1180 746 πάλιν

39 778 79 812 ἐν
103 774 200 822 ἄλλῳ
224 774 324 822 τόμῳ
349 775 490 815 {sun}
513 775 639 814 αὐταῖς
669 777 719 814 εἰς
749 771 989 817 τῆν”Εξοδον
1019 772 1179 821 σημειώ-

39 851 148 875 σεων.
195 838 302 881 Igitur
326 835 537 884 σημειώσεις
561 838 758 870 constabant
780 835 917 878 Tomis;
949 835 1051 878 igitur
1076 849 1179 881 quae-

40 914 172 946 cunque
195 900 261 933 hoc
283 899 492 934 Philocaliae
526 899 635 945 capite
666 899 852 942 fragmenta
884 898 920 931 in
942 899 1102 932 Exodum
1126 912 1179 932 re-

39 972 310 1009 praesentantur,
334 962 442 1008 petita
467 972 544 996 sunt
568 963 607 998 ἐκ
632 964 706 998 τῶν
730 959 974 1008 σημειώσεων.
1023 961 1073 995 Ea
1096 974 1178 994 vero

38 1026 248 1070 neutiquam,
274 1038 338 1070 pro
378 1024 526 1059 Scholiis
562 1024 679 1058 haberi
722 1033 884 1070 possunt,
920 1024 979 1057 sed
1013 1023 1181 1070 justorum

41 1081 374 1122 Commentariorum
398 1086 508 1120 vicem
533 1087 684 1131 explent3
718 1099 756 1119 ea
781 1095 829 1119 est
860 1099 974 1119 rerum
998 1099 1035 1119 ac
1060 1087 1182 1119 verbo-

39 1164 113 1184 rum
138 1151 272 1184 ubertas
299 1159 331 1182 et
357 1148 465 1194 copia.

131 1213 204 1255 Ego
224 1211 361 1257 quidem
376 1209 587 1256 σημειώσεις
602 1210 756 1253 generale
773 1210 978 1244 vocabulum
995 1223 1065 1244 esse
1085 1219 1184 1256 puto»

44 1287 111 1320 quo
137 1273 240 1308 Tomi
265 1282 298 1306 et
323 1273 463 1307 Scholia
489 1273 714 1306 continentur.
751 1275 1004 1318 qucztofiofflu
1031 1282 1081 1306 est
1106 1274 1185 1306 »ad-

41 1345 170 1379 notare‚
194 1336 474 1369 commentarium
499 1335 658 1376 scribere,
681 1335 848 1380 scriptum
873 1334 1013 1381 aliquod
1030 1335 1071 1368 ad
1090 1334 1183 1369 aliud

40 1398 207 1446 adjicere,
231 1398 454 1433 adscribere«
502 1401 724 1443 Σημείωσιςι
763 1397 985 1438 »adnotati0‚
1011 1410 1184 1432 commen-

39 1460 157 1502 tarius,
182 1460 347 1506 quidquid
371 1461 413 1494 ad
438 1461 532 1494 aliud
556 1459 736 1494 scribendo
758 1459 961 1506 adjiciturz«
989 1458 1183 1505 cujusmodi

39 1533 114 1558 sunt
139 1523 288 1564 Scholia,
314 1533 346 1557 et
371 1523 636 1564 Commentarii‚
661 1522 718 1569 qui
744 1523 786 1556 ad
813 1535 905 1556 oram
931 1522 1101 1556 librorum
1125 1523 1183 1556 ad-

40 1587 106 1620 texi
142 1587 262 1619 solent.
325 1586 375 1619 Ita
412 1586 651 1629 intelligendus
682 1585 849 1618 Eusebius
886 1585 946 1619 lib.
975 1586 1016 1619 V.
1053 1584 1181 1618 Hister.

41 1661 113 1695 cap.
137 1648 210 1690 20.,
242 1662 318 1682 cum
347 1648 590 1695 χαριεστάτην
623 1651 821 1692 σημείωσιν
853 1648 1003 1693 appellat
1035 1648 1182 1683 obtesta-

39 1711 168 1745 tionem
199 1712 384 1757 quandam,
417 1725 502 1757 quae
534 1712 575 1744 ad
609 1711 710 1743 finem
739 1710 819 1743 libri
844 1711 974 1744 h‘enaei
1005 1712 1089 1755 περὶ
1115 1711 1182 1756 ὀγ-

39 1773 174 1814 δοάδος
197 1784 332 1820 praeter
354 1784 548 1808 contextum
574 1773 703 1819 adjecta
729 1782 806 1806 erat.
854 1774 936 1806 Inde
960 1774 1016 1806 lux
1043 1786 1181 1819 quoque

41 1837 138 1871 alteri
174 1836 325 1883 ejusdem
360 1837 500 1870 Eusebii
537 1837 616 1870 loco
655 1835 712 1868 lib.
736 1836 795 1869 VI.
832 1848 904 1881 cap.
938 1836 1007 1877 16.,
1043 1837 1102 1869 ubi
1139 1837 1180 1869 de

40 1899 200 1947 Hexaplis
224 1899 380 1943 Origenis
405 1912 513 1942 agens,
539 1900 649 1944 deque
674 1898 793 1939 variis,
819 1898 939 1944 quibus
963 1898 1023 1932 illa
1049 1908 1180 1933 consta-

40 1962 137 2003 bant,
159 1961 513 2008 interpretationibus,
542 1960 588 1994 ita
612 1960 748 1995 scribit:
800 1960 941 2002 Ταύτας
971 1961 1011 1999 δὲ
1037 1959 1183 2001 ἁπάσας

42 2023 104 2058 ἐπὶ
138 2023 268 2059 ταύτὸν
301 2023 542 2070 συναγαγών,
581 2022 713 2060 διελών
745 2037 779 2060 τε
815 2023 907 2071 πρὸς
944 2026 1082 2068 κῶλον,
1122 2025 1183 2058 καὶ

43 2085 301 2132 ἀντιπαραθεὶς
332 2085 517 2131 ἀλλήλαις,
553 2085 645 2132 μετὰ
679 2088 740 2121 καὶ
776 2086 885 2131 αὐτῆς
915 2089 977 2130 τῆς
1003 2085 1183 2134 Ἑβραίων

43 2145 288 2193 σὴμειώσεως,
322 2147 365 2184 τὰ
396 2151 468 2184 τῶν
499 2151 710 2196 λεγομένων
732 2147 923 2189 Ἑξαπλῶν
955 2147 1046 2193 ἡμῖν
1078 2147 1181 2182 ἄντί-

43 2222 172 2256 γραᾳα
191 2212 460 2247 καταλέλοιπεν.
490 2211 595 2255 Quod
611 2211 777 2245 Eusebius
796 2209 1184 2259 σημείωσινἙβραίων

45 2272 145 2313 dixit,
182 2272 394 2307 commodius
424 2277 644 2323 παραθέσεις
681 2275 741 2318 τῆς
769 2271 959 2320 Ἐβραϊκῆς
993 2273 1183 2323 ἑρμηνείας
