1413 2482
182 74 250 110 230
523 76 635 109 Perm
660 76 831 110 DANfflus
856 77 987 111 Huss'ru

186 165 380 211 Scripturae
417 179 529 199 sacrae
565 166 790 211 exemplaria,
827 166 949 211 quibus
982 179 1061 200 usus
1091 167 1199 200 suerat
1228 168 1326 213 Sym-

186 227 332 261 machus.
381 228 470 261 Tum
496 240 577 260 vero
601 228 748 262 Codices
772 228 884 273 ipsum
910 227 1098 261 conflixisse
1122 229 1210 261 inter
1232 242 1266 262 se
1292 237 1326 260 et

189 289 399 335 conjunxisse
431 290 608 335 probabile
635 291 700 323 est:
739 290 797 323 sed
831 304 907 323 cum
943 290 1132 323 institutum
1158 303 1242 335 opus
1265 303 1328 335 per

188 351 353 393 angustias
385 353 550 398 temporis
585 353 632 385 ibi
657 353 832 386 absolvere
866 365 934 385 non
968 361 1099 397 posset,
1136 364 1327 396 supremam

189 412 254 457 ipsi
277 427 412 448 manum
439 415 471 448 in
498 415 570 448 otio
596 415 703 462 Tyrio
738 414 951 460 imposuisse.
998 415 1076 447 Non
1106 413 1200 458 quod
1224 413 1267 446 de
1289 413 1329 446 iis

189 474 350 517 cogitasse
375 476 558 519 Origenem
582 486 654 509 tum
680 476 828 521 primum
853 486 995 521 putem3
1025 476 1084 508 sed
1108 475 1330 508 Alexandriae

191 538 332 571 fortasse
363 538 457 583 prius
493 540 607 572 animo
638 539 838 579 informata,
878 538 1060 572 Caesareae
1091 537 1329 582 Cappadociae

190 599 364 641 inchoata,
392 601 529 634 Athenis
553 611 587 634 et
612 602 794 635 Caesareae
819 601 988 635 Stratonis
1012 601 1155 640 affecta,
1181 612 1218 632 ac
1243 599 1327 646 Tyri

193 662 330 695 demum
354 663 502 696 arbitror
531 663 634 696 fuisse
660 664 820 708 perfecta:
870 664 920 696 Ita
944 662 1093 696 Eusebio
1127 661 1330 694 conciliatur

192 723 414 768 Epiphanius,
439 738 585 769 quorum
610 725 669 757 ille
694 726 841 770 aliquam
866 725 900 758 in
919 724 1160 758 concinnandis
1173 723 1333 769 Hexaplis

195 786 418 819 Alexandriae
452 800 591 832 operam
624 788 665 819 ab
691 787 837 829 Origene
870 788 1016 833 positam
1043 787 1177 820 videtur
1207 786 1334 829 signifi-

200 860 290 888 ‹zare;
330 848 384 881 hic
409 849 489 895 Tyri
524 849 625 882 fuisse
657 849 846 894 composita
879 859 993 894 aperte
1020 850 1137 883 docet:
1172 848 1264 893 quod
1289 847 1335 880 ita

197 989 295 1016 nere,
332 977 365 1009 id
398 987 447 1010 est
479 991 565 1010 anno
600 978 696 1018 228„
729 991 828 1022 quam
862 979 1011 1010 secundo
1045 977 1228 1010 duodecim
1259 987 1338 1023 post

199 1045 315 1073 annos,
341 1033 374 1066 id
401 1034 578 1076 contigisse
595 1030 701 1079 putat,
727 1035 791 1067 hoc
809 1048 878 1067 uuo
897 1034 991 1067 nixus
1009 1044 1218 1076 argumento,
1244 1035 1337 1080 quod

200 1089 377 1122 Africanus
401 1090 584 1133 Origenem
610 1091 671 1123 filii
705 1091 842 1123 nomine
875 1091 1077 1135 compellet;
1112 1091 1203 1135 quod
1228 1091 1339 1135 aptius

200 1146 243 1178 ad
267 1145 434 1190 primum,
462 1161 561 1192 quam
587 1148 627 1180 ad
652 1148 838 1180 secundum
863 1146 928 1179 iter
951 1148 1124 1180 reseratur.
1171 1147 1239 1181 Sed
1267 1147 1338 1182 viro

200 1216 334 1236 summo
350 1204 623 1237 Montefalconio
650 1204 683 1236 id
710 1218 777 1237 non
803 1205 888 1237 tanti
912 1217 980 1237 esse
1005 1203 1170 1236 momenti
1196 1204 1338 1237 videtur.

205 1260 311 1293 „Nam
325 1259 506 1293 verisimile
526 1271 585 1300 est,
601 1261 710 1305 inquit
731 1274 803 1306 pag.
819 1261 870 1295 13.
889 1260 1121 1293 Praeliminar.
1139 1259 1172 1292 in
1187 1260 1340 1305 chapL,

202 1315 281 1348 ideo
318 1316 427 1349 filium
461 1330 688 1361 nuncupasse,
726 1316 802 1361 quia
836 1317 935 1358 longe
968 1315 1081 1347 minor
1111 1325 1219 1348 aetate
1251 1326 1339 1349 erat:

204 1384 289 1416 quae
315 1373 401 1405 ratio
426 1382 494 1405 tam
519 1373 552 1405 in
579 1373 710 1417 primo,
745 1386 843 1418 quam
869 1371 902 1403 in
929 1371 1078 1406 secundo
1105 1371 1262 1413 Origenis
1287 1371 1341 1405 iti-

203 1441 283 1461 nere
309 1442 370 1473 par
393 1429 481 1462 haud
507 1429 608 1461 dubie
626 1438 713 1469 erat.
761 1430 831 1462 Nec
863 1428 982 1459 desunt
1016 1428 1187 1472 exempla,
1219 1430 1341 1474 quibus

205 1484 239 1517 id
278 1485 507 1519 confirmetur.
556 1485 722 1518 Eusebius
758 1484 846 1517 enim
878 1483 1102 1516 Vei-cellensis
1136 1484 1339 1531 Dionysium

204 1542 499 1575 Mediolanensem
525 1541 743 1586 episcopum,
775 1550 881 1583 aetate
907 1539 972 1584 jam
1005 1549 1174 1573 maturum
1199 1542 1342 1584 dignita-

206 1608 307 1643 teque
334 1599 572 1644 conspicuum,
597 1612 631 1641 se
656 1608 767 1631 tamen
792 1596 980 1643 juniorem,
1004 1597 1112 1629 filium
1137 1599 1343 1642 compellare

208 1655 375 1688 solebam«
427 1655 513 1689 Cum
547 1668 626 1697 ergo
662 1664 790 1688 certum
822 1667 889 1686 non
914 1653 973 1692 sit,
999 1673 1039 1677 —-
1073 1653 1118 1685 ita
1141 1654 1249 1698 pergit
1273 1655 1343 1687 Ru-

210 1723 287 1742 aeus
314 1731 374 1750 -‚
400 1711 512 1755 primo
538 1711 677 1751 itinere,
703 1712 767 1743 hoc
793 1720 842 1743 est
866 1722 953 1741 anno
979 1708 1069 1749 228„
1095 1709 1274 1753 epistolam
1300 1712 1342 1744 ad

211 1767 406 1799 Africanum
433 1767 652 1800 Nicomediae
677 1767 834 1811 scriptam
860 1779 946 1804 esse,
972 1765 1062 1797 nulla
1087 1765 1172 1797 ratio
1200 1776 1259 1806 est,
1284 1781 1344 1800 cur

210 1822 288 1855 inde
313 1823 461 1868 Hexapla
485 1834 561 1856 ante
587 1825 674 1856 hunc
699 1836 821 1855 annum
846 1822 1005 1854 adornata
1031 1821 1271 1856 existimentur.
1307 1825 1343 1857 ld

211 1892 315 1911 unum
341 1880 522 1912 verisimile
548 1889 643 1924 putat
668 1878 968 1911 Montefalconius:
1006 1877 1210 1920 »Origenem
1235 1880 1345 1913 Hexa-

212 1935 277 1981 plis
307 1936 443 1968 edendis
469 1949 604 1967 manum
630 1935 832 1975 admovisse,
868 1944 1044 1978 postquam
1071 1944 1195 1968 sextam
1222 1937 1344 1970 editio-

213 2005 289 2024 nem
327 2001 514 2036 repererat;
556 1991 682 2035 reperit
718 2000 849 2029 autem,
885 1990 1078 2034 Epiphanio
1114 2001 1216 2032 teste,
1255 2005 1343 2026 anno

216 2048 395 2081 Alexandri
421 2047 537 2080 Severi
569 2047 734 2090 septimo,
769 2047 803 2078 id
829 2056 895 2085 est,
929 2046 1051 2079 Christi
1077 2047 1151 2081 228.
1199 2049 1243 2081 Et
1268 2050 1344 2094 quia

215 2105 336 2138 abhinc
361 2105 402 2137 ad
426 2117 498 2137 ann.
524 2102 621 2141 231.,
653 2116 720 2147 quo
747 2102 940 2135 Caesaream
966 2116 999 2135 se
1025 2104 1173 2148 recepit,
1204 2118 1271 2137 uon
1295 2114 1346 2138 sat

219 2162 279 2195 otii
313 2171 345 2194 et
379 2160 550 2194 commodi
583 2159 733 2192 habuiss(¹
761 2159 908 2197 vidbtur,
946 2169 982 2191 ut
1014 2170 1081 2192 tam
1112 2160 1248 2192 arduam
1273 2173 1343 2192 rem

218 2219 419 2263 susciperet,
456 2226 649 2262 opportune
690 2216 722 2248 in
758 2229 880 2248 annum
917 2216 1010 2256 231„
1052 2229 1127 2248 cum
1165 2215 1344 2249 Caesareae

218 2283 346 2316 ageret,
371 2273 601 2318 Hexaplorum
628 2286 712 2316 opus
737 2272 948 2305 remittitur«
