1413 2482
184 80 248 115 164
518 78 631 110 Pam
656 77 827 110 munaus
853 77 984 110 Hunni

186 171 373 212 »Prologus
399 167 607 200 translatoris
633 166 828 212 ejusdem2«
863 166 933 212 ejus
966 179 1108 212 nempe,
1140 168 1198 212 qui
1231 177 1322 201 ante-

185 233 342 266 cedentes
367 229 522 272 Origenis
557 228 723 261 Homilias
756 228 788 261 in
819 227 1002 261 Jeremiam
1035 238 1197 269 verterat,
1222 243 1322 274 quem

188 304 318 328 constat
348 293 594 337 Hieronymum
622 290 736 332 fuisse.

276 355 341 387 Xl.
391 351 610 386 Ostendimus
642 351 796 396 superius
829 364 866 383 ex
901 351 1085 384 Prooemio
1111 352 1325 386 Commenta-

187 418 319 450 riorum
345 414 546 460 Hieronymi
569 414 602 446 in
629 414 771 454 Oseam,
804 426 947 458 parvum
973 413 1143 459 scripsisse
1169 414 1323 447 libellum

190 478 374 520 Origenem
390 479 473 521 περὶ
494 479 572 510 τοῦ·
599 477 675 514 πῶς
693 473 894 521 ὠνομάσθη
918 475 958 510 ἐν
971 475 1324 522 τῷὨσηὲἘφραῖμ·

188 550 221 573 et
245 540 338 573 aliud
362 548 536 583 praeterea
569 537 603 570 in
640 538 785 570 eundem
816 538 1018 582 prophetam
1050 537 1209 570 volumen
1241 537 1327 572 ἀκέ-

188 605 310 649 φαλον
334 604 393 636 καὶ
418 601 616 636 ἀτέλεστον.
659 600 708 632 Ex
731 608 808 632 utro
823 599 966 644 petitum
981 599 1025 632 sit
1048 600 1137 632 istud
1162 599 1328 642 fragmen-

188 674 273 704 tum,
299 676 366 708 quo
394 663 559 695 conflatur
595 670 752 694 octavum
785 661 991 694 Philocaliae
1017 670 1137 706 caput,
1160 660 1326 694 incertum

190 736 257 768 est3
283 739 321 758 ex
345 725 508 757 alterutro
533 723 679 769 petitum
713 719 782 756 esse
817 734 946 757 certum
977 733 1042 756 est:
1074 736 1151 756 nam
1177 723 1327 767 quamvis

190 789 224 821 id
250 788 289 820 iis
314 787 532 832 praemissum
557 786 616 819 sit:
649 786 688 819 ἐκ
714 787 785 819 τῶν
808 788 856 823 εἰς
881 783 942 820 τὸν
964 784 1069 829 Ὠσηὲ
1096 786 1326 830 ἐξηγητικιῦν,

190 850 419 896 Hieronymus
452 858 563 881 autem
602 848 679 880 loco
720 847 856 880 laudato
895 848 1007 880 nullos
1037 848 1078 879 ab
1113 846 1259 889 Origene
1294 846 1327 879 in

192 911 314 945 Oseam
339 911 482 955 scriptos
508 910 608 943 fuisse
623 910 895 943 Commentarios
921 918 1053 949 asserat,
1080 908 1210 942 dicens:
1238 909 1326 941 »Ro-
1378 929 1383 932 -

191 973 265 1016 gavi
298 985 392 1011 eum,
431 973 665 1019 (Didymum‚)
697 981 731 1004 ut
772 972 864 1016 Quod
896 970 1060 1013 Origenes
1092 984 1161 1003 non
1192 971 1329 1008 fecerat,

190 1037 263 1080 ipse
288 1034 496 1078 compleret,
529 1044 563 1066 et
592 1034 755 1072 scriberet
780 1034 813 1065 in
840 1033 928 1066 Osee
955 1032 1256 1072 Conumen1.-=rios,«
1277 1032 1327 1065 in-

191 1097 412 1138 telligendum
449 1104 497 1128 est
527 1096 648 1139 plenos
683 1095 717 1127 in
756 1103 867 1127 totum
901 1094 1023 1127 Oseam
1057 1093 1328 1127 Commentarios

193 1159 378 1201 Origenem
402 1171 470 1190 non
494 1157 675 1202 scripsisse,
699 1157 759 1189 sed
786 1155 922 1197 exiguos
945 1156 1055 1188 solum
1082 1155 1229 1188 libellos.

281 1221 361 1253 XII.
407 1219 534 1261 Viginti
558 1219 705 1264 quinque
731 1218 765 1251 in
786 1218 993 1251 Matthaeum
1010 1218 1141 1250 Tomos
1165 1218 1328 1260 Origenes

193 1281 390 1316 elaboravit.
438 1281 547 1314 Breve
583 1291 792 1323 segmentum
834 1294 850 1312 e
891 1280 1004 1325 primo
1040 1281 1153 1313 Tomo
1189 1280 1328 1313 adducit

191 1344 358 1378 Eusebius
384 1343 458 1375 libr.
484 1344 542 1375 VI.
567 1343 693 1375 Hister.
728 1356 798 1387 cap.
824 1342 895 1381 25.‚
927 1354 1036 1386 eoque
1069 1342 1204 1374 brevius
1235 1342 1326 1375 aliud

191 1407 344 1440 indidem
368 1405 499 1449 profert
529 1404 726 1449 Pamphilus
757 1404 790 1436 in
821 1403 1060 1448 Apologetico.
1108 1403 1211 1436 Aliud
1236 1416 1253 1436 e
1277 1416 1328 1436 se-

192 1469 304 1502 cundo
330 1467 464 1506 Temo,
487 1465 693 1509 Philocaliae
726 1466 834 1510 capite
864 1474 958 1498 sexto
990 1465 1174 1498 exhibetur.
1223 1466 1326 1499 Aliud

193 1532 293 1564 affert
317 1543 334 1562 e
358 1528 505 1573 septimo
530 1528 644 1560 Tumo
669 1528 875 1572 Pamphilus.
923 1527 1034 1559 Julius
1052 1527 1173 1560 Caesar
1200 1528 1326 1560 Bulen-

192 1605 288 1634 gerus
323 1591 357 1623 in
399 1589 695 1633 Disputationibus
739 1599 856 1622 eontra
899 1589 1135 1622 Casaubonum
1170 1589 1256 1622 Part.
1294 1590 1324 1623 2.

191 1652 338 1686 Diatrib.
363 1651 393 1686 3.
433 1664 506 1695 pag.
535 1651 608 1686 191„
646 1653 872 1693 fragmentum
903 1652 1004 1684 affert
1037 1664 1074 1684 cx
1104 1651 1252 1694 Origene
1283 1652 1324 1684 ad

193 1728 265 1759 cap.
290 1713 321 1747 ss.
346 1712 484 1752 Matth.,
519 1722 552 1745 et
577 1727 608 1758 p.
636 1713 711 1749 166.
743 1714 835 1746 aliud
868 1727 906 1746 ex
937 1714 1058 1746 eodem
1089 1713 1131 1746 ad
1162 1727 1233 1758 cap.
1259 1713 1325 1753 23..

191 1787 291 1821 atque
325 1774 416 1806 aliud
448 1774 529 1806 item
560 1787 632 1819 pag.
658 1775 731 1810 167.
766 1789 804 1808 ex
834 1775 955 1809 iisdem
985 1775 1262 1819 Expositionibus
1292 1775 1325 1808 in

190 1838 330 1875 Matth.,
366 1834 458 1881 cujus
496 1836 610 1869 locum
649 1850 717 1869 non
755 1836 892 1870 indicat.
951 1836 1132 1878 Indiligens
1167 1838 1324 1881 profecto

188 1900 418 1940 Bulengerus,
460 1897 518 1942 qui
547 1898 638 1930 unde
670 1899 751 1931 haec
776 1898 931 1931 habuerit
953 1897 1034 1936 sibi,
1066 1898 1229 1929 lectorem
1253 1911 1323 1930 non

189 1960 333 1995 monuit.
381 1962 432 1992 An
458 1972 495 1991 ex
522 1959 650 1993 Codice
675 1959 789 2003 aliquo
815 1973 914 1992 manu
938 1958 1090 2004 scripto?
1114 1959 1175 1991 Vix
1201 1960 1322 1992 credo:

188 2036 265 2057 nam
298 2021 489 2066 quicunque
522 2021 624 2053 hodie
655 2030 854 2065 supersunt,
893 2021 1086 2066 quicunque
1118 2032 1207 2054 certe
1238 2021 1322 2054 mihi

188 2085 263 2119 noti
285 2092 379 2122 sunt,
411 2083 463 2114 vel
497 2096 514 2114 a
547 2082 681 2115 decimo
708 2084 807 2115 tertio
835 2083 961 2127 capite,
985 2083 1039 2115 vel
1063 2096 1080 2116 a
1105 2083 1322 2128 sequentibus

188 2149 316 2181 ducunt
338 2144 488 2186 initium;
521 2144 555 2176 in
580 2143 739 2185 vigesimo
767 2146 934 2185 seeundo,
968 2145 1020 2176 vel
1046 2144 1127 2178 citra
1152 2145 1318 2178 desinunt.

184 2211 342 2243 Fortasse
391 2206 491 2248 igitur
535 2219 572 2238 ex
615 2206 739 2239 Canena
779 2207 892 2252 aliqua
940 2206 1141 2251 prodierunt
1183 2206 1318 2240 isthaec.

188 2271 402 2315 Quamquam
434 2267 519 2301 nihil
550 2267 671 2300 habent
702 2267 885 2313 ejusmodi,
915 2278 1084 2313 quotquot
1117 2268 1318 2302 excussimus
