1422 2472
401 64 715 99 Omeizmmonum
740 66 853 99 Lmen
869 66 934 99 111.
1132 67 1200 103 207

67 152 319 199 ἑβδομήκοντα
343 168 421 188 cum
437 156 579 197 Vulgata
604 155 680 190 libr.
694 156 728 190 9.
754 156 788 188 in
812 155 916 189 Isaiae
931 155 986 196 30,
1001 155 1057 190 20.
1087 156 1200 189 »Mul-

68 226 157 257 tum,
191 217 318 262 inquit,
353 217 388 250 in
419 217 484 250 hoc
515 218 594 251 loco
627 218 730 251 LXX.
765 218 889 258 editio,
928 217 1199 262 Hebraicumque

67 279 272 313 discordant.
311 279 464 312 Primum
489 292 567 321 ergo
593 280 634 312 de
659 281 801 323 Vulgata
824 279 1050 313 tractabimus.
1060 295 1077 311 «
1118 280 1201 312 Vul-

66 351 174 383 gatam
212 341 399 374 editionem
441 340 592 386 appellat
626 342 707 381 τοὺς
742 340 1012 387 ἑβδομήκοντα,
1054 354 1200 386 quorum

67 406 168 437 verba
192 404 342 449 profert:
366 404 500 449 profert
523 413 636 437 autem
662 404 703 436 de
727 404 900 449 Hexaplis.
935 404 980 437 Et
1004 403 1038 436 in
1053 403 1199 437 Praefat.

68 467 297 500 Commentar.
321 466 356 498 in
379 466 515 499 Daniel.
543 466 729 508 »Origenes
754 467 795 498 de
821 465 1071 499 Theodotionis
1097 478 1200 510 opere

66 528 101 560 in
126 527 274 561 editione
300 528 441 570 Vulgata
464 527 639 560 asteriscos
663 528 809 572 posuit.«
856 527 901 560 Et
932 527 967 560 in
992 527 1136 571 epistola
1159 527 1201 559 ad

67 589 206 623 Suniam
231 598 264 622 et
287 589 428 623 Fretell.
467 589 588 622 »Licet
610 589 646 622 in
671 589 892 634 Septuaginta
923 598 957 621 et
980 588 1015 621 in
1039 588 1201 633 Hexaplis

67 650 112 683 ita
135 650 330 696 repererim.
340 666 358 682 «t
407 651 484 684 Hoc
509 660 557 684 est
580 651 615 684 in
640 651 800 693 Vulgata,
828 660 862 684 et
885 651 921 684 in
944 651 1004 683 illa
1027 651 1201 693 Hexaplo-

66 725 151 745 rum.
199 713 342 755 Vulgata
365 712 540 757 speciatim
567 722 601 745 et
623 713 763 758 proprie
788 713 878 746 dicta
900 714 1083 746 utebantur
1096 711 1201 746 Sunia

67 783 101 807 et
129 773 296 814 Fretella‚
332 772 408 819 piae
447 784 480 807 et
518 775 668 807 eruditae
702 775 866 808 feminae:
905 775 1052 807 multum
1088 774 1147 806 illa
1183 786 1201 806 a

66 835 272 881 primigenio
298 837 481 881 exemplari
514 837 704 871 deflexerat.
752 837 824 870 Hae
848 845 1010 879 rogarunt
1032 836 1201 881 Hierony-

66 910 172 938 mum,
195 907 234 930 ut
256 898 484 943 plurimorum
497 899 654 932 Psalterii
679 899 848 940 locorum,
873 899 907 931 in
933 898 1054 944 quibus
1072 897 1201 931 Graeca

66 972 86 992 a
108 959 234 992 Latinis
268 960 503 1001 dissonabant,
538 949 724 1004 legitimam
756 961 940 994 lectionem
973 974 1011 994 ex
1035 959 1202 993 Hebraica

66 1020 206 1054 veritate
230 1021 294 1054 sihi
317 1023 476 1056 traderet.
523 1024 661 1057 Morem
685 1023 785 1065 gessit
801 1023 1041 1069 Hieronymus,
1066 1032 1099 1055 et
1121 1035 1202 1067 pro-

66 1081 168 1115 lixam
203 1083 378 1128 rescripsit
416 1084 616 1129 epistolam,
654 1097 693 1117 ex
731 1084 826 1130 cujus
857 1085 1055 1117 evolutione
1085 1084 1202 1124 discas,

67 1144 150 1189 quid
173 1144 350 1186 vulgatam
375 1145 463 1178 inter
488 1147 685 1186 editionem,
710 1155 743 1179 et
765 1147 880 1186 illam,
905 1159 989 1190 quae
1014 1145 1144 1191 jacebat
1166 1145 1201 1178 in

69 1206 248 1251 Hexaplis,
274 1206 476 1240 discriminis
500 1208 704 1241 interfuerit.

156 1269 218 1302 IX.
251 1268 344 1300 Dum
370 1269 453 1302 hanc
478 1270 706 1302 emaculandis
729 1269 938 1313 septuaginta
955 1269 1089 1301 senibus
1103 1281 1201 1301 nava-

65 1330 146 1361 bant
170 1342 309 1374 operam
333 1330 500 1364 Eusebius
533 1341 568 1364 et
590 1332 809 1376 Pamphilus,
841 1331 962 1363 similis
993 1344 1072 1364 cura
1095 1331 1202 1378 Hesy-

67 1391 178 1423 chium
209 1393 415 1425 monachum
447 1393 481 1425 in
509 1395 686 1438 Aegypto,
719 1403 752 1426 et
784 1394 969 1426 Lucianum
1004 1392 1200 1425 Antiochiae

66 1453 188 1485 eodem
214 1453 348 1486 circiter
370 1463 526 1499 ternpore
553 1456 738 1489 exercebat.
780 1455 824 1488 Hi
850 1455 993 1500 priscam
1018 1455 1113 1487 illam
1131 1453 1202 1486 edi-

65 1514 212 1555 tionem,
245 1515 376 1558 κοινήν
399 1517 542 1557 dictam,
573 1518 764 1550 deformem
795 1517 943 1558 mendis,
975 1526 1008 1550 et
1038 1515 1200 1549 sexcentis

66 1577 215 1610 vitiatam
239 1577 325 1611 locis
348 1588 477 1611 mutare
507 1579 543 1611 in
571 1579 692 1612 melius
724 1579 867 1621 aggressi
897 1588 983 1612 sunt.
1031 1578 1200 1611 Adhibitis

66 1652 145 1681 ergo
170 1640 309 1673 vetustis
333 1641 496 1682 Vulgatae
520 1640 618 1686 hujus
641 1641 927 1686 interpretationis
954 1640 1200 1685 exemplaribus

65 1713 137 1733 rem
160 1701 207 1734 ita
229 1711 413 1743 gesserunt,
436 1712 474 1735 ut
498 1715 649 1736 recusam
673 1705 714 1736 ab
739 1703 909 1748 Hesychio
934 1702 1120 1735 editionem
1133 1703 1200 1734 Ae-

66 1772 184 1807 gyptus
207 1764 361 1809 amplexa
384 1764 444 1797 sit:
471 1777 571 1809 quam
595 1778 677 1798 vero
703 1765 831 1798 recoxit
854 1764 1035 1805 Lucianus,
1059 1766 1101 1797 ab
1124 1764 1200 1797 uni-

67 1823 168 1856 versis
190 1826 332 1868 probata
364 1835 398 1858 et
420 1836 578 1871 usurpata
610 1827 653 1860 sit
683 1827 894 1869 regionibus,
927 1840 1011 1872 quae
1037 1826 1202 1859 Constan-

67 1884 237 1929 tinopolin
262 1895 295 1919 et
306 1887 521 1921 Antiochiam
545 1888 765 1935 interjacent3
788 1901 864 1921 nam
878 1888 1081 1922 Hebraicarn
1098 1889 1201 1922 etiam

68 1946 241 1980 veritatem
267 1949 472 1982 consuluisse
496 1951 614 1991 fertur,
638 1952 680 1984 ab
705 1963 814 1996 eoque
831 1951 1006 1983 emendata
1022 1960 1118 1984 vetus
1142 1950 1201 1983 illa

68 2008 210 2050 Vulgata
239 2011 376 2044 nomine
407 2012 513 2057 ipsius
544 2013 666 2046 affecta
699 2022 757 2047 est.
805 2013 945 2045 Hieron.
971 2012 1007 2044 in
1037 2011 1133 2057 epist.
1159 2011 1201 2044 ad

68 2070 152 2103 Sun-
177 2080 210 2103 et
225 2071 365 2105 Fretell.
394 2074 451 2106 »In
477 2088 544 2119 quo
569 2075 719 2108 breviter
741 2075 829 2108 illud
854 2076 1033 2116 admoneo,
1059 2083 1097 2106 ut
1120 2074 1201 2106 scia-

66 2131 127 2171 tis,
152 2131 250 2165 aliam
275 2145 345 2166 esse
370 2135 576 2178 editionem,
606 2150 708 2182 quam
733 2136 896 2179 Origenes
922 2146 954 2169 et
980 2135 1200 2170 Caesariensis

68 2193 256 2233 Eusebius,
284 2207 468 2241 omnesque
493 2197 654 2231 Graeciae
680 2207 876 2232 tractatores
902 2197 1046 2241 κοινήν,
1080 2198 1114 2230 id
1140 2207 1200 2237 est,

70 2255 296 2289 Communem
327 2259 517 2303 appellant,
549 2269 648 2305 atque
684 2260 878 2303 Vulgatam‚
918 2269 950 2292 et
981 2273 998 2292 a
1028 2259 1199 2304 plerisque
