1413 2482
163 116 208 149 90
499 115 610 148 Ρετκι
636 116 808 148 ΒΑΝιειιε
835 115 969 150 numu

161 207 280 239 stituto
306 204 486 247 vigilium,
519 205 643 237 debere
670 205 839 238 neminem
873 215 950 250 post
975 206 1107 238 obitum
1133 207 1307 248 damnari;

163 278 196 301 at
221 267 428 302 contrarium
454 267 486 299 in
513 267 672 300 Judicato
699 268 843 300 eundem
869 267 1034 302 statuisse.

253 330 329 363 XV.
377 330 475 361 Nunc
511 329 672 373 quoniam
706 330 747 361 de
782 329 930 371 Origene
962 330 996 362 in
1029 331 1143 375 quinta
1176 333 1306 377 synodo

161 402 273 426 actum
296 391 398 424 fuisse
424 401 564 431 constat,
591 391 639 424 rei
667 401 778 433 gestae
803 392 924 424 seriem
951 405 1182 437 exsequamur.
1218 392 1309 426 Scri—

163 454 214 487 bit
237 452 400 496 Evagrius
425 454 571 498 expulsis
605 467 622 486 e
654 455 751 487 Nova
783 455 888 487 Laura
922 454 1138 496 Origenistis,
1171 467 1248 487 cum
1273 455 1308 488 id

162 517 253 562 apud
278 516 522 560 imperatorem
548 516 674 548 sactum
700 516 909 561 vituperaret
935 517 1139 549 Theodorus
1160 515 1310 556 Ascidas,

164 578 489 622 Constantinopolin
515 578 633 611 missos
654 578 755 611 fuisse
783 580 924 618 Rufum,
950 589 983 611 et
1001 578 1180 612 Cononem
1201 578 1309 611 archi-

163 641 358 680 mandritas,
383 639 534 684 aliosque
559 641 767 673 Palaestinae
793 642 978 674 monachos
1003 641 1128 674 virtute
1154 639 1307 681 nobiles;

165 717 291 749 eosque
315 702 417 736 simul
441 712 542 746 atque
569 702 651 735 illuc
677 703 785 735 delati·
805 713 892 743 sunt,
918 705 958 736 ad
985 702 1211 736 ventilandam
1231 700 1309 735 Ori-

162 767 265 809 genis,
289 765 435 808 Evagrii,
462 773 495 796 et
519 764 660 810 Didymi
686 778 834 798 caussam
860 767 1054 799 accessisse:
1082 764 1201 798 Ascida
1227 776 1309 796 con-

164 839 232 868 tra,
266 837 305 860 ut
336 828 378 860 de
410 826 598 859 Theodoro
633 816 898 872 Mopsuesteno,
923 828 1001 867 lba,
1026 837 1059 860 et
1082 826 1306 860 Theodoreto

165 898 320 932 ageretur
355 889 549 921 laborante:
583 898 658 921 ante
697 890 810 921 omnia
844 889 1032 934 quaesitum
1066 902 1155 928 esse,
1191 897 1306 920 utrum

162 952 318 984 homines
336 951 402 983 vita
418 952 526 984 functi
545 951 764 984 anathematis
777 951 897 997 subjici
917 952 1067 996 possint;
1090 949 1307 996 Eutycliium,

162 1015 221 1060 qui
249 1017 415 1047 Amasene
443 1013 607 1058 episcopo
633 1022 712 1046 tunc
739 1023 809 1046 erat
833 1027 849 1046 a
867 1015 1048 1059 responsis,
1073 1011 1307 1058 quaestionem

160 1077 300 1109 solvisse
325 1075 483 1120 exemplo
516 1074 629 1107 Josiae
661 1076 766 1118 regis,
791 1089 808 1108 a
835 1089 902 1121 quo
929 1089 998 1108 non
1024 1076 1228 1108 daemonum
1253 1086 1308 1106 so-

163 1140 234 1172 lum
259 1138 452 1171 sacerdotes
483 1136 517 1168 in
555 1136 639 1169 vivis
672 1147 824 1179 agentes,
856 1137 1044 1177 interfecti,
1068 1138 1127 1170 sed
1152 1145 1307 1169 mortuo-

161 1215 235 1234 rum
263 1200 364 1233 etiam
390 1198 495 1231 loculi
519 1198 639 1231 refossi
664 1209 763 1233 sunt:
789 1200 855 1232 hoc
872 1199 1000 1232 dictum
1020 1209 1114 1232 tanto
1140 1197 1306 1236 omnium,

161 1265 219 1296 sed
249 1260 431 1296 Justiniani
462 1260 663 1305 praesertim
696 1262 863 1306 applausu
895 1261 995 1294 fuisse
1035 1270 1231 1306 exceptum,
1268 1268 1307 1292 ut

162 1339 240 1358 eum
272 1324 396 1357 deinde
428 1322 470 1354 ad
511 1322 927 1367 constantinopolitanam
966 1324 1081 1355 sedem
1119 1322 1306 1368 imperator

162 1386 336 1420 extulerit:
363 1386 405 1417 de
422 1385 610 1417 Theodoro
627 1384 787 1428 deinceps
807 1385 1065 1429 Mopsuesteno,
1090 1386 1199 1429 deque
1224 1386 1305 1417 scri-

159 1448 229 1494 ptis
252 1445 478 1484 Theodoreti‚
505 1455 621 1478 contra
647 1446 831 1478 duodecim
858 1446 1015 1491 Capitula
1041 1447 1179 1493 Cyrilli,
1204 1456 1238 1479 et
1261 1446 1303 1478 de

161 1513 240 1544 lbae
266 1508 410 1554 epistola
435 1508 476 1539 ad
504 1508 776 1540 Marin⁴Persam
802 1509 904 1541 fuisse
930 1509 1157 1553 disputatum;
1181 1508 1304 1553 quibus

161 1571 325 1606 damnatis
355 1583 432 1603 cum
465 1570 622 1602 adversus
661 1570 815 1612 Origenis
849 1571 1022 1612 dogmata,
1055 1570 1227 1615 ipsiusque
1251 1583 1303 1603 se-

161 1647 293 1680 quaces,
318 1631 521 1665 obtulissent
546 1632 681 1665 libellos
706 1632 882 1675 Eulogius,
908 1633 1048 1672 Conon,
1075 1632 1245 1679 Cyriacus,
1270 1641 1303 1664 et

159 1694 356 1730 pancratius
380 1693 556 1733 monachi,
595 1680 794 1726 sententiam
827 1694 948 1741 synodi
977 1707 1109 1737 rogasse
1141 1693 1302 1727 Justinia-

160 1771 254 1798 num,
276 1756 417 1802 prolatis
443 1769 580 1801 quoque
612 1756 645 1788 in
678 1756 829 1788 medium
856 1756 1040 1789 lucubratis
1065 1769 1082 1789 a
1106 1755 1233 1798 Vigilio
1258 1756 1301 1788 de

161 1821 200 1855 iis
224 1821 324 1853 rebus
349 1818 494 1858 libellis,
525 1818 559 1850 in
594 1818 714 1862 quibus
740 1818 925 1861 Origenem
950 1819 1119 1852 laborasse
1146 1818 1301 1850 ostende-

159 1885 229 1923 bat,
253 1891 291 1914 ut
316 1879 538 1924 Apostolicae
570 1879 746 1912 doctrinae
779 1879 1008 1914 sinceritatem
1033 1880 1242 1914 Graecorum
1269 1888 1303 1912 et

161 1944 439 1979 Manichaeorum
453 1941 581 1974 deliriis
607 1941 840 1986 adspergeret:
865 1943 959 1987 quod
983 1943 1017 1976 in
1043 1955 1084 1975 eo
1110 1941 1211 1975 etiam
1233 1941 1301 1988 jam

162 2016 238 2039 ante
263 2005 458 2049 culpaverat
483 2002 694 2036 Justinianus
726 2003 759 2035 in
787 2003 884 2048 epist.
909 2004 951 2036 ad
978 2004 1133 2044 Menam,
1159 2017 1299 2050 operam

162 2083 238 2102 eum
265 2067 395 2100 dedisse
423 2066 555 2105 dicens,
580 2068 639 2099 ἵνα
665 2067 736 2098 τῶν
758 2063 941 2107 Ἑλλήνων
963 2068 1212 2111 μυθολογίας,
1240 2070 1301 2101 καὶ

163 2131 226 2174 τὴν
250 2126 487 2173 Μανιχαϊκὴν
512 2127 623 2161 αὐτοῦ
648 2125 792 2169 πλάνην
816 2127 1012 2174 εἰσαγάγῃ·
1040 2137 1072 2161 et
1096 2128 1130 2161 in
1155 2117 1300 2174 epistola

161 2194 202 2226 ad
227 2192 395 2239 synodum
422 2189 463 2221 de
496 2188 697 2230 Origenistis
721 2188 881 2234 loquens:
912 2192 974 2223 ἵνα
1002 2189 1053 2234 μὴ
1078 2194 1219 2234 τέλεον,
1250 2193 1300 2223 in-

163 2255 254 2300 quit,
288 2252 348 2288 διὰ
380 2254 439 2294 τῆς
460 2250 690 2296 Ἑλληνικῆς,
722 2255 782 2285 καὶ
809 2255 1040 2295 ΝΙανιχαϊκῆς
1066 2253 1205 2297 ἀπάτης
1229 2253 1299 2287 αὑ-

164 2319 235 2351 τῶν
267 2312 423 2352 πολλοὺς
455 2313 669 2348 ἀπολέσωσι.
729 2313 826 2346 Unde
860 2313 1044 2356 Origenem
1079 2328 1156 2348 cum
1187 2315 1298 2348 Mani·
