<?xml version="1.0" encoding="UTF-8"?>
<!DOCTYPE html PUBLIC "-//W3C//DTD XHTML 1.0 Transitional//EN"
    "http://www.w3.org/TR/xhtml1/DTD/xhtml1-transitional.dtd">
<html xmlns="http://www.w3.org/1999/xhtml" xml:lang="en" lang="en">
 <head>
  <title>
</title>
<meta http-equiv="Content-Type" content="text/html;charset=utf-8" />
  <meta name='ocr-system' content='tesseract 3.04.00' />
  <meta name='ocr-capabilities' content='ocr_page ocr_carea ocr_par ocr_line ocrx_word'/>
</head>
<body>
  <div class='ocr_page' id='page_1' title='image "./operaomniaquaegr24orig/operaomniaquaegr24orig_0249.png"; bbox 0 0 1422 2472; ppageno 0'>
   <div class='ocr_carea' id='block_1_1' title="bbox 372 97 1204 134">
    <p class='ocr_par' dir='ltr' id='par_1_1' title="bbox 372 97 1204 134">
     <span class='ocr_line' id='line_1_1' title="bbox 372 97 1204 134; baseline 0.006 -5"><span class='ocrx_word' id='word_1_1' title='bbox 372 97 683 133; x_wconf 63' lang='lat' dir='ltr'>Omffl-:smuonum</span> <span class='ocrx_word' id='word_1_2' title='bbox 712 100 826 132; x_wconf 67' lang='lat' dir='ltr'>Lmen</span> <span class='ocrx_word' id='word_1_3' title='bbox 850 99 911 132; x_wconf 88' lang='lat'>111.</span> <span class='ocrx_word' id='word_1_4' title='bbox 1139 99 1204 134; x_wconf 78' lang='lat'>235</span> 
     </span>
    </p>
   </div>
   <div class='ocr_carea' id='block_1_2' title="bbox 71 186 1207 789">
    <p class='ocr_par' dir='ltr' id='par_1_2' title="bbox 71 186 1207 789">
     <span class='ocr_line' id='line_1_2' title="bbox 160 186 1204 233; baseline -0.001 -12"><span class='ocrx_word' id='word_1_5' title='bbox 160 187 221 222; x_wconf 81' lang='lat' dir='ltr'>Ill.</span> <span class='ocrx_word' id='word_1_6' title='bbox 260 187 327 220; x_wconf 72' lang='lat' dir='ltr'>Has</span> <span class='ocrx_word' id='word_1_7' title='bbox 353 186 508 230; x_wconf 83' lang='lat' dir='ltr'>Origenis</span> <span class='ocrx_word' id='word_1_8' title='bbox 541 188 742 233; x_wconf 73' lang='lat' dir='ltr'><strong>scriptiones</strong></span> <span class='ocrx_word' id='word_1_9' title='bbox 776 199 945 228; x_wconf 77' lang='lat' dir='ltr'><strong>recenset,</strong></span> <span class='ocrx_word' id='word_1_10' title='bbox 981 187 1114 232; x_wconf 80' lang='lat' dir='ltr'>suisque</span> <span class='ocrx_word' id='word_1_11' title='bbox 1146 189 1204 221; x_wconf 82' lang='lat' dir='ltr'>ad-</span> 
     </span>
     <span class='ocr_line' id='line_1_3' title="bbox 73 248 1204 296; baseline 0 -14"><span class='ocrx_word' id='word_1_12' title='bbox 73 249 178 296; x_wconf 84' lang='lat' dir='ltr'>jungit</span> <span class='ocrx_word' id='word_1_13' title='bbox 202 248 413 293; x_wconf 79' lang='lat' dir='ltr'><strong>temporibus</strong></span> <span class='ocrx_word' id='word_1_14' title='bbox 439 249 614 283; x_wconf 80' lang='lat' dir='ltr'>Eusebius.</span> <span class='ocrx_word' id='word_1_15' title='bbox 662 251 732 283; x_wconf 80' lang='lat' dir='ltr'>Nos</span> <span class='ocrx_word' id='word_1_16' title='bbox 757 260 929 294; x_wconf 80' lang='lat' dir='ltr'>praeterea</span> <span class='ocrx_word' id='word_1_17' title='bbox 955 263 992 283; x_wconf 85' lang='lat' dir='ltr'>ex</span> <span class='ocrx_word' id='word_1_18' title='bbox 1016 250 1090 295; x_wconf 81' lang='lat' dir='ltr'>ipso</span> <span class='ocrx_word' id='word_1_19' title='bbox 1115 251 1204 283; x_wconf 76' lang='lat' dir='ltr'>Ada-</span> 
     </span>
     <span class='ocr_line' id='line_1_4' title="bbox 71 310 1203 357; baseline 0 -13"><span class='ocrx_word' id='word_1_20' title='bbox 71 311 200 344; x_wconf 87' lang='lat' dir='ltr'>mantio</span> <span class='ocrx_word' id='word_1_21' title='bbox 240 310 404 343; x_wconf 85' lang='lat' dir='ltr'>nonnulla</span> <span class='ocrx_word' id='word_1_22' title='bbox 437 311 655 353; x_wconf 78' lang='lat' dir='ltr'>collegimus,</span> <span class='ocrx_word' id='word_1_23' title='bbox 691 312 780 344; x_wconf 83' lang='lat' dir='ltr'>unde</span> <span class='ocrx_word' id='word_1_24' title='bbox 816 312 957 344; x_wconf 84' lang='lat' dir='ltr'>aliarum</span> <span class='ocrx_word' id='word_1_25' title='bbox 997 313 1203 357; x_wconf 82' lang='lat' dir='ltr'>quarundam</span> 
     </span>
     <span class='ocr_line' id='line_1_5' title="bbox 72 372 1205 417; baseline 0 -11"><span class='ocrx_word' id='word_1_26' title='bbox 72 372 344 406; x_wconf 74' lang='lat' dir='ltr'>lucubrationum</span> <span class='ocrx_word' id='word_1_27' title='bbox 378 372 462 404; x_wconf 89' lang='lat' dir='ltr'>ordo</span> <span class='ocrx_word' id='word_1_28' title='bbox 499 385 535 405; x_wconf 88' lang='lat' dir='ltr'>ac</span> <span class='ocrx_word' id='word_1_29' title='bbox 568 382 702 417; x_wconf 86' lang='lat' dir='ltr'>tempus</span> <span class='ocrx_word' id='word_1_30' title='bbox 735 373 902 405; x_wconf 81' lang='lat' dir='ltr'>aestimari</span> <span class='ocrx_word' id='word_1_31' title='bbox 926 373 1066 417; x_wconf 79' lang='lat' dir='ltr'><strong>possint.</strong></span> <span class='ocrx_word' id='word_1_32' title='bbox 1113 373 1205 407; x_wconf 84' lang='lat' dir='ltr'>Scri-</span> 
     </span>
     <span class='ocr_line' id='line_1_6' title="bbox 73 433 1207 479; baseline -0.001 -12"><span class='ocrx_word' id='word_1_33' title='bbox 73 434 221 479; x_wconf 79' lang='lat' dir='ltr'>psisse&#39;)</span> <span class='ocrx_word' id='word_1_34' title='bbox 248 433 429 475; x_wconf 81' lang='lat' dir='ltr'>Origenem</span> <span class='ocrx_word' id='word_1_35' title='bbox 462 433 733 467; x_wconf 80' lang='lat' dir='ltr'>Commentarios</span> <span class='ocrx_word' id='word_1_36' title='bbox 767 434 802 466; x_wconf 89' lang='lat' dir='ltr'>in</span> <span class='ocrx_word' id='word_1_37' title='bbox 835 434 999 474; x_wconf 86' lang='lat' dir='ltr'>Genesin,</span> <span class='ocrx_word' id='word_1_38' title='bbox 1029 444 1207 479; x_wconf 80' lang='lat' dir='ltr'>antequam</span> 
     </span>
     <span class='ocr_line' id='line_1_7' title="bbox 74 494 1206 542; baseline 0 -14"><span class='ocrx_word' id='word_1_39' title='bbox 74 496 181 529; x_wconf 89' lang='lat' dir='ltr'>libros</span> <span class='ocrx_word' id='word_1_40' title='bbox 206 497 290 542; x_wconf 77' lang='grc' dir='ltr'>περὶ</span> <span class='ocrx_word' id='word_1_41' title='bbox 315 494 438 542; x_wconf 78' lang='grc' dir='ltr'><em>ἀρχῶν</em></span> <span class='ocrx_word' id='word_1_42' title='bbox 463 505 696 540; x_wconf 84' lang='lat' dir='ltr'><strong>componeret,</strong></span> <span class='ocrx_word' id='word_1_43' title='bbox 722 505 756 528; x_wconf 87' lang='lat' dir='ltr'>et</span> <span class='ocrx_word' id='word_1_44' title='bbox 774 509 811 528; x_wconf 81' lang='lat' dir='ltr'>ex</span> <span class='ocrx_word' id='word_1_45' title='bbox 829 496 978 528; x_wconf 83' lang='lat' dir='ltr'>Eusebio</span> <span class='ocrx_word' id='word_1_46' title='bbox 996 495 1206 537; x_wconf 81' lang='lat' dir='ltr'>intelligitur,</span> 
     </span>
     <span class='ocr_line' id='line_1_8' title="bbox 74 556 1204 604; baseline 0.002 -14"><span class='ocrx_word' id='word_1_47' title='bbox 74 567 107 590; x_wconf 88' lang='lat' dir='ltr'>et</span> <span class='ocrx_word' id='word_1_48' title='bbox 130 558 239 590; x_wconf 90' lang='lat' dir='ltr'>multo</span> <span class='ocrx_word' id='word_1_49' title='bbox 263 558 366 599; x_wconf 83' lang='lat' dir='ltr'>magis</span> <span class='ocrx_word' id='word_1_50' title='bbox 392 569 430 589; x_wconf 87' lang='lat' dir='ltr'>ex</span> <span class='ocrx_word' id='word_1_51' title='bbox 449 556 594 598; x_wconf 82' lang='lat' dir='ltr'><strong>Origene</strong></span> <span class='ocrx_word' id='word_1_52' title='bbox 620 556 705 601; x_wconf 82' lang='lat' dir='ltr'>ipse,</span> <span class='ocrx_word' id='word_1_53' title='bbox 732 557 788 602; x_wconf 87' lang='lat' dir='ltr'>qui</span> <span class='ocrx_word' id='word_1_54' title='bbox 807 557 896 590; x_wconf 86' lang='lat' dir='ltr'>libro</span> <span class='ocrx_word' id='word_1_55' title='bbox 915 559 943 592; x_wconf 92' lang='lat'>1.</span> <span class='ocrx_word' id='word_1_56' title='bbox 968 560 1051 604; x_wconf 81' lang='grc' dir='ltr'>περὶ</span> <span class='ocrx_word' id='word_1_57' title='bbox 1070 557 1204 603; x_wconf 79' lang='grc' dir='ltr'><em>ἀρχῶν,</em></span> 
     </span>
     <span class='ocr_line' id='line_1_9' title="bbox 74 617 1207 664; baseline -0.001 -12"><span class='ocrx_word' id='word_1_58' title='bbox 74 632 144 664; x_wconf 83' lang='lat' dir='ltr'>cap.</span> <span class='ocrx_word' id='word_1_59' title='bbox 169 618 201 654; x_wconf 92' lang='grc'>3.</span> <span class='ocrx_word' id='word_1_60' title='bbox 234 631 325 651; x_wconf 89' lang='lat' dir='ltr'>num.</span> <span class='ocrx_word' id='word_1_61' title='bbox 351 618 402 659; x_wconf 82' lang='grc'>3.,</span> <span class='ocrx_word' id='word_1_62' title='bbox 439 628 472 650; x_wconf 90' lang='lat' dir='ltr'>et</span> <span class='ocrx_word' id='word_1_63' title='bbox 504 618 580 651; x_wconf 87' lang='lat' dir='ltr'>libr.</span> <span class='ocrx_word' id='word_1_64' title='bbox 605 617 637 651; x_wconf 88' lang='lat'>2.</span> <span class='ocrx_word' id='word_1_65' title='bbox 668 631 740 662; x_wconf 80' lang='lat' dir='ltr'>cap.</span> <span class='ocrx_word' id='word_1_66' title='bbox 765 618 792 654; x_wconf 87' lang='lat'>3.</span> <span class='ocrx_word' id='word_1_67' title='bbox 828 632 919 652; x_wconf 90' lang='lat' dir='ltr'>num.</span> <span class='ocrx_word' id='word_1_68' title='bbox 945 618 976 652; x_wconf 82' lang='lat'>6.</span> <span class='ocrx_word' id='word_1_69' title='bbox 1014 618 1095 651; x_wconf 88' lang='lat' dir='ltr'>istos</span> <span class='ocrx_word' id='word_1_70' title='bbox 1127 619 1207 651; x_wconf 84' lang='lat' dir='ltr'>citat</span> 
     </span>
     <span class='ocr_line' id='line_1_10' title="bbox 75 680 1206 725; baseline 0 -11"><span class='ocrx_word' id='word_1_71' title='bbox 75 680 355 716; x_wconf 81' lang='lat' dir='ltr'>Commentarios.</span> <span class='ocrx_word' id='word_1_72' title='bbox 414 680 509 712; x_wconf 89' lang='lat' dir='ltr'><strong>Idem</strong></span> <span class='ocrx_word' id='word_1_73' title='bbox 550 689 661 711; x_wconf 86' lang='lat' dir='ltr'>tamen</span> <span class='ocrx_word' id='word_1_74' title='bbox 703 680 790 712; x_wconf 84' lang='lat' dir='ltr'>libro</span> <span class='ocrx_word' id='word_1_75' title='bbox 818 681 848 714; x_wconf 89' lang='lat'>1.</span> <span class='ocrx_word' id='word_1_76' title='bbox 889 693 960 725; x_wconf 80' lang='lat' dir='ltr'>cap.</span> <span class='ocrx_word' id='word_1_77' title='bbox 984 681 1016 714; x_wconf 90' lang='grc'>2.</span> <span class='ocrx_word' id='word_1_78' title='bbox 1058 693 1150 713; x_wconf 87' lang='lat' dir='ltr'>num.</span> <span class='ocrx_word' id='word_1_79' title='bbox 1175 680 1206 714; x_wconf 88' lang='grc'>6.</span> 
     </span>
     <span class='ocr_line' id='line_1_11' title="bbox 73 741 1205 789; baseline -0.001 -14"><span class='ocrx_word' id='word_1_80' title='bbox 73 743 155 775; x_wconf 82' lang='lat' dir='ltr'>haec</span> <span class='ocrx_word' id='word_1_81' title='bbox 186 743 302 775; x_wconf 85' lang='lat' dir='ltr'>habet:</span> <span class='ocrx_word' id='word_1_82' title='bbox 339 742 467 789; x_wconf 49' lang='lat' dir='ltr'>⁹»Puto</span> <span class='ocrx_word' id='word_1_83' title='bbox 503 754 580 783; x_wconf 83' lang='lat' dir='ltr'>ergo</span> <span class='ocrx_word' id='word_1_84' title='bbox 613 754 712 785; x_wconf 86' lang='lat' dir='ltr'>posse</span> <span class='ocrx_word' id='word_1_85' title='bbox 746 741 853 786; x_wconf 83' lang='lat' dir='ltr'>priori</span> <span class='ocrx_word' id='word_1_86' title='bbox 885 741 1023 786; x_wconf 85' lang='lat' dir='ltr'>quidem</span> <span class='ocrx_word' id='word_1_87' title='bbox 1050 743 1205 786; x_wconf 84' lang='lat' dir='ltr'>exemplo</span> 
     </span>
    </p>
   </div>
   <div class='ocr_carea' id='block_1_3' title="bbox 73 801 1210 849">
    <p class='ocr_par' dir='ltr' id='par_1_3' title="bbox 73 801 1210 849">
     <span class='ocr_line' id='line_1_12' title="bbox 73 801 1210 849; baseline -0.001 -12"><span class='ocrx_word' id='word_1_88' title='bbox 73 804 180 849; x_wconf 82' lang='lat' dir='ltr'>aptari</span> <span class='ocrx_word' id='word_1_89' title='bbox 210 816 305 843; x_wconf 89' lang='lat' dir='ltr'>cum,</span> <span class='ocrx_word' id='word_1_90' title='bbox 341 804 398 847; x_wconf 88' lang='lat' dir='ltr'>qui</span> <span class='ocrx_word' id='word_1_91' title='bbox 428 803 470 835; x_wconf 82' lang='lat' dir='ltr'>ad</span> <span class='ocrx_word' id='word_1_92' title='bbox 503 802 682 844; x_wconf 81' lang='lat' dir='ltr'>imaginem</span> <span class='ocrx_word' id='word_1_93' title='bbox 717 811 749 834; x_wconf 89' lang='lat' dir='ltr'>et</span> <span class='ocrx_word' id='word_1_94' title='bbox 780 801 1037 836; x_wconf 84' lang='lat' dir='ltr'>similitudinem</span> <span class='ocrx_word' id='word_1_95' title='bbox 1061 803 1128 835; x_wconf 76' lang='lat' dir='ltr'>Dei</span> <span class='ocrx_word' id='word_1_96' title='bbox 1162 804 1210 836; x_wconf 84' lang='lat' dir='ltr'>sa-</span> 
     </span>
    </p>
   </div>
   <div class='ocr_carea' id='block_1_4' title="bbox 78 887 260 892">
    <p class='ocr_par' dir='ltr' id='par_1_4' title="bbox 78 887 260 892">
     <span class='ocr_line' id='line_1_13' title="bbox 78 887 260 892; baseline 0 0"><span class='ocrx_word' id='word_1_97' title='bbox 78 887 260 892; x_wconf 95' lang='lat' dir='ltr'> </span> 
     </span>
    </p>
   </div>
   <div class='ocr_carea' id='block_1_5' title="bbox 70 941 1222 2214">
    <p class='ocr_par' dir='ltr' id='par_1_5' title="bbox 70 941 1222 2214">
     <span class='ocr_line' id='line_1_14' title="bbox 169 941 1210 986; baseline 0.001 -12"><span class='ocrx_word' id='word_1_98' title='bbox 169 944 199 986; x_wconf 90' lang='lat'>¹)</span> <span class='ocrx_word' id='word_1_99' title='bbox 224 942 264 974; x_wconf 90' lang='lat' dir='ltr'>ld</span> <span class='ocrx_word' id='word_1_100' title='bbox 297 941 434 985; x_wconf 87' lang='lat' dir='ltr'>quidem</span> <span class='ocrx_word' id='word_1_101' title='bbox 460 955 497 974; x_wconf 83' lang='lat' dir='ltr'>ex</span> <span class='ocrx_word' id='word_1_102' title='bbox 521 941 670 974; x_wconf 87' lang='lat' dir='ltr'>Eusebio</span> <span class='ocrx_word' id='word_1_103' title='bbox 704 941 842 974; x_wconf 88' lang='lat' dir='ltr'>minime</span> <span class='ocrx_word' id='word_1_104' title='bbox 876 941 1084 984; x_wconf 76' lang='lat' dir='ltr'>intelligitur.</span> <span class='ocrx_word' id='word_1_105' title='bbox 1132 943 1210 976; x_wconf 88' lang='lat' dir='ltr'>Hoc</span> 
     </span>
     <span class='ocr_line' id='line_1_15' title="bbox 76 997 1210 1042; baseline 0 -10"><span class='ocrx_word' id='word_1_106' title='bbox 76 999 166 1032; x_wconf 83' lang='lat' dir='ltr'>enim</span> <span class='ocrx_word' id='word_1_107' title='bbox 192 1000 350 1032; x_wconf 83' lang='lat' dir='ltr'>duntaxat</span> <span class='ocrx_word' id='word_1_108' title='bbox 374 998 420 1030; x_wconf 86' lang='lat' dir='ltr'>ait</span> <span class='ocrx_word' id='word_1_109' title='bbox 443 997 625 1037; x_wconf 85' lang='lat' dir='ltr'>Eusebius,</span> <span class='ocrx_word' id='word_1_110' title='bbox 658 1006 736 1029; x_wconf 84' lang='lat' dir='ltr'>octo</span> <span class='ocrx_word' id='word_1_111' title='bbox 770 997 903 1042; x_wconf 86' lang='lat' dir='ltr'>priores</span> <span class='ocrx_word' id='word_1_112' title='bbox 928 999 1058 1031; x_wconf 85' lang='lat' dir='ltr'>Tomos</span> <span class='ocrx_word' id='word_1_113' title='bbox 1082 999 1115 1031; x_wconf 88' lang='lat' dir='ltr'>in</span> <span class='ocrx_word' id='word_1_114' title='bbox 1142 1000 1210 1032; x_wconf 86' lang='lat' dir='ltr'>Ge-</span> 
     </span>
     <span class='ocr_line' id='line_1_16' title="bbox 74 1053 1209 1098; baseline -0.001 -9"><span class='ocrx_word' id='word_1_115' title='bbox 74 1055 169 1088; x_wconf 88' lang='lat' dir='ltr'>nesin</span> <span class='ocrx_word' id='word_1_116' title='bbox 202 1054 423 1087; x_wconf 79' lang='lat' dir='ltr'>Alexandriae</span> <span class='ocrx_word' id='word_1_117' title='bbox 459 1054 560 1085; x_wconf 84' lang='lat' dir='ltr'>fuisse</span> <span class='ocrx_word' id='word_1_118' title='bbox 592 1053 805 1093; x_wconf 75' lang='lat' dir='ltr'>elaboratos,</span> <span class='ocrx_word' id='word_1_119' title='bbox 848 1055 1136 1098; x_wconf 79' lang='lat' dir='ltr'>quemadmodum</span> <span class='ocrx_word' id='word_1_120' title='bbox 1176 1056 1209 1088; x_wconf 87' lang='lat' dir='ltr'>in</span> 
     </span>
     <span class='ocr_line' id='line_1_17' title="bbox 76 1108 1210 1153; baseline 0 -9"><span class='ocrx_word' id='word_1_121' title='bbox 76 1112 163 1144; x_wconf 87' lang='lat' dir='ltr'>libro</span> <span class='ocrx_word' id='word_1_122' title='bbox 189 1123 280 1143; x_wconf 91' lang='lat' dir='ltr'>nono</span> <span class='ocrx_word' id='word_1_123' title='bbox 305 1110 376 1153; x_wconf 90' lang='lat' dir='ltr'>ipse</span> <span class='ocrx_word' id='word_1_124' title='bbox 402 1108 606 1150; x_wconf 81' lang='lat' dir='ltr'>significabat</span> <span class='ocrx_word' id='word_1_125' title='bbox 633 1109 808 1150; x_wconf 81' lang='lat' dir='ltr'>Origenes,</span> <span class='ocrx_word' id='word_1_126' title='bbox 840 1109 949 1142; x_wconf 86' lang='lat' dir='ltr'>Porro</span> <span class='ocrx_word' id='word_1_127' title='bbox 977 1124 1051 1142; x_wconf 92' lang='lat' dir='ltr'>cum</span> <span class='ocrx_word' id='word_1_128' title='bbox 1069 1112 1210 1144; x_wconf 82' lang='lat' dir='ltr'>Alexan-</span> 
     </span>
     <span class='ocr_line' id='line_1_18' title="bbox 77 1164 1210 1209; baseline -0.002 -8"><span class='ocrx_word' id='word_1_129' title='bbox 77 1168 168 1201; x_wconf 85' lang='lat' dir='ltr'>driae</span> <span class='ocrx_word' id='word_1_130' title='bbox 200 1167 319 1199; x_wconf 87' lang='lat' dir='ltr'>itidem</span> <span class='ocrx_word' id='word_1_131' title='bbox 350 1164 456 1197; x_wconf 85' lang='lat' dir='ltr'>libros</span> <span class='ocrx_word' id='word_1_132' title='bbox 492 1169 572 1208; x_wconf 60' lang='grc' dir='ltr'>περὶ</span> <span class='ocrx_word' id='word_1_133' title='bbox 607 1164 731 1209; x_wconf 71' lang='grc' dir='ltr'><em>ἀρχῶν</em></span> <span class='ocrx_word' id='word_1_134' title='bbox 764 1165 956 1208; x_wconf 88' lang='lat' dir='ltr'>composuit</span> <span class='ocrx_word' id='word_1_135' title='bbox 991 1167 1210 1200; x_wconf 79' lang='lat' dir='ltr'>Adamantius</span> 
     </span>
     <span class='ocr_line' id='line_1_19' title="bbox 77 1219 1210 1265; baseline -0.002 -7"><span class='ocrx_word' id='word_1_136' title='bbox 77 1234 208 1263; x_wconf 85' lang='lat' dir='ltr'>noster,</span> <span class='ocrx_word' id='word_1_137' title='bbox 237 1232 417 1264; x_wconf 87' lang='lat' dir='ltr'>utrumque</span> <span class='ocrx_word' id='word_1_138' title='bbox 452 1232 536 1264; x_wconf 87' lang='lat' dir='ltr'>opus</span> <span class='ocrx_word' id='word_1_139' title='bbox 570 1219 669 1252; x_wconf 86' lang='lat' dir='ltr'>simul</span> <span class='ocrx_word' id='word_1_140' title='bbox 703 1220 817 1265; x_wconf 79' lang='lat' dir='ltr'>potuit</span> <span class='ocrx_word' id='word_1_141' title='bbox 843 1220 1028 1254; x_wconf 74' lang='lat' dir='ltr'>lucubrare.</span> <span class='ocrx_word' id='word_1_142' title='bbox 1076 1223 1210 1256; x_wconf 83' lang='lat' dir='ltr'>Deinde</span> 
     </span>
     <span class='ocr_line' id='line_1_20' title="bbox 79 1275 1212 1323; baseline -0.003 -9"><span class='ocrx_word' id='word_1_143' title='bbox 79 1294 117 1314; x_wconf 83' lang='lat' dir='ltr'>ex</span> <span class='ocrx_word' id='word_1_144' title='bbox 143 1279 290 1321; x_wconf 82' lang='lat' dir='ltr'>Origene</span> <span class='ocrx_word' id='word_1_145' title='bbox 315 1279 390 1321; x_wconf 89' lang='lat' dir='ltr'>ipso</span> <span class='ocrx_word' id='word_1_146' title='bbox 422 1276 457 1307; x_wconf 88' lang='lat' dir='ltr'>id</span> <span class='ocrx_word' id='word_1_147' title='bbox 488 1289 593 1307; x_wconf 88' lang='lat' dir='ltr'>unum</span> <span class='ocrx_word' id='word_1_148' title='bbox 619 1275 690 1307; x_wconf 90' lang='lat' dir='ltr'>erui</span> <span class='ocrx_word' id='word_1_149' title='bbox 724 1285 858 1320; x_wconf 90' lang='lat' dir='ltr'>potest,</span> <span class='ocrx_word' id='word_1_150' title='bbox 892 1286 958 1310; x_wconf 88' lang='lat' dir='ltr'>tres</span> <span class='ocrx_word' id='word_1_151' title='bbox 984 1278 1035 1310; x_wconf 90' lang='lat' dir='ltr'>vel</span> <span class='ocrx_word' id='word_1_152' title='bbox 1067 1288 1212 1323; x_wconf 84' lang='lat' dir='ltr'>quatuor</span> 
     </span>
     <span class='ocr_line' id='line_1_21' title="bbox 79 1330 1212 1378; baseline -0.002 -9"><span class='ocrx_word' id='word_1_153' title='bbox 79 1337 237 1369; x_wconf 85' lang='lat' dir='ltr'>duntaxat</span> <span class='ocrx_word' id='word_1_154' title='bbox 269 1333 303 1365; x_wconf 83' lang='lat' dir='ltr'>in</span> <span class='ocrx_word' id='word_1_155' title='bbox 328 1331 476 1365; x_wconf 86' lang='lat' dir='ltr'>Genesin</span> <span class='ocrx_word' id='word_1_156' title='bbox 510 1330 694 1363; x_wconf 82' lang='lat' dir='ltr'>confecisse</span> <span class='ocrx_word' id='word_1_157' title='bbox 720 1332 866 1372; x_wconf 88' lang='lat' dir='ltr'>Tomos,</span> <span class='ocrx_word' id='word_1_158' title='bbox 897 1343 1074 1378; x_wconf 85' lang='lat' dir='ltr'>antequam</span> <span class='ocrx_word' id='word_1_159' title='bbox 1106 1335 1212 1368; x_wconf 89' lang='lat' dir='ltr'>libros</span> 
     </span>
     <span class='ocr_line' id='line_1_22' title="bbox 78 1387 1214 1438; baseline 0.002 -16"><span class='ocrx_word' id='word_1_160' title='bbox 78 1394 162 1438; x_wconf 70' lang='grc' dir='ltr'>περὶ</span> <span class='ocrx_word' id='word_1_161' title='bbox 192 1390 316 1435; x_wconf 77' lang='grc' dir='ltr'><em>ἀρχῶν</em></span> <span class='ocrx_word' id='word_1_162' title='bbox 346 1387 530 1420; x_wconf 86' lang='lat' dir='ltr'>inchoaret.</span> <span class='ocrx_word' id='word_1_163' title='bbox 578 1388 664 1420; x_wconf 80' lang='lat' dir='ltr'>Nam</span> <span class='ocrx_word' id='word_1_164' title='bbox 696 1387 771 1420; x_wconf 79' lang='lat' dir='ltr'>loca</span> <span class='ocrx_word' id='word_1_165' title='bbox 797 1388 984 1429; x_wconf 88' lang='lat' dir='ltr'>Geneseos,</span> <span class='ocrx_word' id='word_1_166' title='bbox 1019 1403 1103 1434; x_wconf 87' lang='lat' dir='ltr'>quae</span> <span class='ocrx_word' id='word_1_167' title='bbox 1135 1391 1214 1424; x_wconf 82' lang='lat' dir='ltr'>citat</span> 
     </span>
     <span class='ocr_line' id='line_1_23' title="bbox 79 1445 1212 1490; baseline -0.002 -9"><span class='ocrx_word' id='word_1_168' title='bbox 79 1448 113 1481; x_wconf 85' lang='lat' dir='ltr'>in</span> <span class='ocrx_word' id='word_1_169' title='bbox 137 1447 230 1480; x_wconf 87' lang='lat' dir='ltr'>libris</span> <span class='ocrx_word' id='word_1_170' title='bbox 255 1448 337 1490; x_wconf 76' lang='grc' dir='ltr'>περὶ</span> <span class='ocrx_word' id='word_1_171' title='bbox 364 1445 485 1489; x_wconf 70' lang='grc' dir='ltr'><em>ἀρχῶν</em></span> <span class='ocrx_word' id='word_1_172' title='bbox 510 1453 668 1488; x_wconf 83' lang='lat' dir='ltr'>tanquam</span> <span class='ocrx_word' id='word_1_173' title='bbox 693 1456 711 1476; x_wconf 76' lang='lat' dir='ltr'>a</span> <span class='ocrx_word' id='word_1_174' title='bbox 744 1457 778 1476; x_wconf 91' lang='lat' dir='ltr'>se</span> <span class='ocrx_word' id='word_1_175' title='bbox 809 1445 902 1488; x_wconf 84' lang='lat' dir='ltr'>prius</span> <span class='ocrx_word' id='word_1_176' title='bbox 935 1445 1101 1489; x_wconf 80' lang='lat' dir='ltr'>exposita,</span> <span class='ocrx_word' id='word_1_177' title='bbox 1132 1446 1212 1480; x_wconf 88' lang='lat' dir='ltr'>haec</span> 
     </span>
     <span class='ocr_line' id='line_1_24' title="bbox 79 1499 1213 1547; baseline -0.001 -9"><span class='ocrx_word' id='word_1_178' title='bbox 79 1514 171 1538; x_wconf 86' lang='lat' dir='ltr'>sunt:</span> <span class='ocrx_word' id='word_1_179' title='bbox 199 1503 258 1535; x_wconf 86' lang='lat' dir='ltr'>»ln</span> <span class='ocrx_word' id='word_1_180' title='bbox 281 1499 450 1546; x_wconf 88' lang='lat' dir='ltr'>principio</span> <span class='ocrx_word' id='word_1_181' title='bbox 470 1500 564 1533; x_wconf 84' lang='lat' dir='ltr'>Deus</span> <span class='ocrx_word' id='word_1_182' title='bbox 582 1500 664 1532; x_wconf 83' lang='lat' dir='ltr'>fecit</span> <span class='ocrx_word' id='word_1_183' title='bbox 683 1499 815 1532; x_wconf 86' lang='lat' dir='ltr'>coelum</span> <span class='ocrx_word' id='word_1_184' title='bbox 835 1511 867 1533; x_wconf 86' lang='lat' dir='ltr'>et</span> <span class='ocrx_word' id='word_1_185' title='bbox 887 1511 1047 1534; x_wconf 59' lang='lat' dir='ltr'>terrama&lt;</span> <span class='ocrx_word' id='word_1_186' title='bbox 1075 1503 1213 1547; x_wconf 77' lang='lat' dir='ltr'>(Genes.</span> 
     </span>
     <span class='ocr_line' id='line_1_25' title="bbox 81 1556 1212 1605; baseline 0 -13"><span class='ocrx_word' id='word_1_187' title='bbox 81 1562 115 1601; x_wconf 82' lang='grc' dir='ltr'>Ι,</span> <span class='ocrx_word' id='word_1_188' title='bbox 149 1561 195 1605; x_wconf 90' lang='grc'>1.)</span> <span class='ocrx_word' id='word_1_189' title='bbox 228 1568 261 1592; x_wconf 90' lang='lat' dir='ltr'>et</span> <span class='ocrx_word' id='word_1_190' title='bbox 290 1557 370 1590; x_wconf 82' lang='lat' dir='ltr'>ista:</span> <span class='ocrx_word' id='word_1_191' title='bbox 413 1556 587 1601; x_wconf 88' lang='lat' dir='ltr'>»Spiritus</span> <span class='ocrx_word' id='word_1_192' title='bbox 619 1557 687 1589; x_wconf 80' lang='lat' dir='ltr'>Dei</span> <span class='ocrx_word' id='word_1_193' title='bbox 724 1558 894 1589; x_wconf 80' lang='lat' dir='ltr'>serebatur</span> <span class='ocrx_word' id='word_1_194' title='bbox 931 1571 1031 1602; x_wconf 85' lang='lat' dir='ltr'>super</span> <span class='ocrx_word' id='word_1_195' title='bbox 1065 1571 1212 1603; x_wconf 63' lang='lat' dir='ltr'>aqu-‘ism</span> 
     </span>
     <span class='ocr_line' id='line_1_26' title="bbox 82 1613 1214 1662; baseline -0.001 -13"><span class='ocrx_word' id='word_1_196' title='bbox 82 1615 219 1662; x_wconf 86' lang='lat' dir='ltr'>(Genes.</span> <span class='ocrx_word' id='word_1_197' title='bbox 247 1615 273 1654; x_wconf 81' lang='grc' dir='ltr'>Ι,</span> <span class='ocrx_word' id='word_1_198' title='bbox 297 1613 345 1655; x_wconf 89' lang='grc'>2.)</span> <span class='ocrx_word' id='word_1_199' title='bbox 374 1626 458 1657; x_wconf 84' lang='lat' dir='ltr'>quae</span> <span class='ocrx_word' id='word_1_200' title='bbox 484 1622 572 1645; x_wconf 88' lang='lat' dir='ltr'>certe</span> <span class='ocrx_word' id='word_1_201' title='bbox 597 1613 638 1645; x_wconf 84' lang='lat' dir='ltr'>ad</span> <span class='ocrx_word' id='word_1_202' title='bbox 664 1613 814 1657; x_wconf 89' lang='lat' dir='ltr'>priorem</span> <span class='ocrx_word' id='word_1_203' title='bbox 840 1614 988 1646; x_wconf 87' lang='lat' dir='ltr'>Tomum</span> <span class='ocrx_word' id='word_1_204' title='bbox 1013 1615 1132 1647; x_wconf 83' lang='lat' dir='ltr'>referri</span> <span class='ocrx_word' id='word_1_205' title='bbox 1156 1616 1214 1648; x_wconf 92' lang='lat' dir='ltr'>de-</span> 
     </span>
     <span class='ocr_line' id='line_1_27' title="bbox 81 1669 1214 1715; baseline -0.001 -10"><span class='ocrx_word' id='word_1_206' title='bbox 81 1673 179 1711; x_wconf 87' lang='lat' dir='ltr'>bent,</span> <span class='ocrx_word' id='word_1_207' title='bbox 209 1670 237 1703; x_wconf 90' lang='lat' dir='ltr'>si</span> <span class='ocrx_word' id='word_1_208' title='bbox 261 1669 398 1715; x_wconf 82' lang='lat' dir='ltr'>quidem</span> <span class='ocrx_word' id='word_1_209' title='bbox 422 1669 539 1701; x_wconf 85' lang='lat' dir='ltr'>tertius</span> <span class='ocrx_word' id='word_1_210' title='bbox 566 1670 607 1701; x_wconf 88' lang='lat' dir='ltr'>de</span> <span class='ocrx_word' id='word_1_211' title='bbox 633 1682 736 1713; x_wconf 82' lang='lat' dir='ltr'>opere</span> <span class='ocrx_word' id='word_1_212' title='bbox 763 1678 897 1713; x_wconf 79' lang='lat' dir='ltr'>quartae</span> <span class='ocrx_word' id='word_1_213' title='bbox 923 1669 989 1702; x_wconf 87' lang='lat' dir='ltr'>dici</span> <span class='ocrx_word' id='word_1_214' title='bbox 1013 1671 1145 1711; x_wconf 65' lang='lat' dir='ltr'>agebat,</span> <span class='ocrx_word' id='word_1_215' title='bbox 1177 1681 1214 1704; x_wconf 88' lang='lat' dir='ltr'>ut</span> 
     </span>
     <span class='ocr_line' id='line_1_28' title="bbox 83 1724 1214 1771; baseline 0 -11"><span class='ocrx_word' id='word_1_216' title='bbox 83 1727 206 1760; x_wconf 85' lang='lat' dir='ltr'>invicte</span> <span class='ocrx_word' id='word_1_217' title='bbox 238 1727 383 1771; x_wconf 85' lang='lat' dir='ltr'>probant</span> <span class='ocrx_word' id='word_1_218' title='bbox 415 1724 566 1769; x_wconf 80' lang='lat' dir='ltr'>ejusdem</span> <span class='ocrx_word' id='word_1_219' title='bbox 592 1726 692 1758; x_wconf 89' lang='lat' dir='ltr'>Tomi</span> <span class='ocrx_word' id='word_1_220' title='bbox 726 1726 910 1766; x_wconf 71' lang='lat' dir='ltr'>fragmenta</span> <span class='ocrx_word' id='word_1_221' title='bbox 942 1738 959 1757; x_wconf 88' lang='lat' dir='ltr'>a</span> <span class='ocrx_word' id='word_1_222' title='bbox 992 1726 1088 1758; x_wconf 88' lang='lat' dir='ltr'>nobis</span> <span class='ocrx_word' id='word_1_223' title='bbox 1113 1727 1214 1760; x_wconf 81' lang='lat' dir='ltr'>edita.</span> 
     </span>
     <span class='ocr_line' id='line_1_29' title="bbox 86 1781 1216 1826; baseline 0 -10"><span class='ocrx_word' id='word_1_224' title='bbox 86 1786 131 1816; x_wconf 77' lang='lat' dir='ltr'>At</span> <span class='ocrx_word' id='word_1_225' title='bbox 163 1795 243 1815; x_wconf 88' lang='lat' dir='ltr'>vero</span> <span class='ocrx_word' id='word_1_226' title='bbox 275 1782 317 1814; x_wconf 90' lang='lat' dir='ltr'>de</span> <span class='ocrx_word' id='word_1_227' title='bbox 349 1794 453 1826; x_wconf 89' lang='lat' dir='ltr'>opere</span> <span class='ocrx_word' id='word_1_228' title='bbox 488 1792 596 1814; x_wconf 80' lang='lat' dir='ltr'>sextae</span> <span class='ocrx_word' id='word_1_229' title='bbox 631 1782 717 1822; x_wconf 82' lang='lat' dir='ltr'>diei,</span> <span class='ocrx_word' id='word_1_230' title='bbox 756 1782 848 1826; x_wconf 87' lang='lat' dir='ltr'>quod</span> <span class='ocrx_word' id='word_1_231' title='bbox 881 1782 923 1814; x_wconf 81' lang='lat' dir='ltr'>ad</span> <span class='ocrx_word' id='word_1_232' title='bbox 954 1781 1125 1825; x_wconf 89' lang='lat' dir='ltr'>quintum,</span> <span class='ocrx_word' id='word_1_233' title='bbox 1162 1784 1216 1816; x_wconf 86' lang='lat' dir='ltr'>vel</span> 
     </span>
     <span class='ocr_line' id='line_1_30' title="bbox 85 1838 1218 1880; baseline -0.001 -8"><span class='ocrx_word' id='word_1_234' title='bbox 85 1848 214 1872; x_wconf 83' lang='lat' dir='ltr'>sextum</span> <span class='ocrx_word' id='word_1_235' title='bbox 238 1839 386 1871; x_wconf 90' lang='lat' dir='ltr'>Tomum</span> <span class='ocrx_word' id='word_1_236' title='bbox 418 1838 536 1870; x_wconf 81' lang='lat' dir='ltr'>referri</span> <span class='ocrx_word' id='word_1_237' title='bbox 569 1839 686 1878; x_wconf 63' lang='lat' dir='ltr'>debet,</span> <span class='ocrx_word' id='word_1_238' title='bbox 718 1838 868 1870; x_wconf 88' lang='lat' dir='ltr'>nondum</span> <span class='ocrx_word' id='word_1_239' title='bbox 895 1850 970 1870; x_wconf 88' lang='lat' dir='ltr'>eum</span> <span class='ocrx_word' id='word_1_240' title='bbox 1002 1838 1105 1880; x_wconf 82' lang='lat' dir='ltr'>egisse</span> <span class='ocrx_word' id='word_1_241' title='bbox 1139 1852 1218 1871; x_wconf 89' lang='lat' dir='ltr'>con-</span> 
     </span>
     <span class='ocr_line' id='line_1_31' title="bbox 86 1892 1218 1938; baseline -0.001 -10"><span class='ocrx_word' id='word_1_242' title='bbox 86 1905 150 1928; x_wconf 76' lang='lat' dir='ltr'>stat</span> <span class='ocrx_word' id='word_1_243' title='bbox 174 1907 213 1927; x_wconf 90' lang='lat' dir='ltr'>ex</span> <span class='ocrx_word' id='word_1_244' title='bbox 237 1894 315 1926; x_wconf 88' lang='lat' dir='ltr'>loco</span> <span class='ocrx_word' id='word_1_245' title='bbox 343 1893 400 1925; x_wconf 88' lang='lat' dir='ltr'>lib.</span> <span class='ocrx_word' id='word_1_246' title='bbox 422 1895 446 1926; x_wconf 91' lang='lat' dir='ltr'>l.</span> <span class='ocrx_word' id='word_1_247' title='bbox 474 1895 514 1926; x_wconf 89' lang='lat' dir='ltr'>de</span> <span class='ocrx_word' id='word_1_248' title='bbox 540 1892 690 1938; x_wconf 78' lang='lat' dir='ltr'>Princip‚</span> <span class='ocrx_word' id='word_1_249' title='bbox 719 1906 789 1937; x_wconf 81' lang='lat' dir='ltr'>cap.</span> <span class='ocrx_word' id='word_1_250' title='bbox 808 1894 850 1934; x_wconf 77' lang='grc'>2.,</span> <span class='ocrx_word' id='word_1_251' title='bbox 877 1906 976 1937; x_wconf 91' lang='lat' dir='ltr'>quem</span> <span class='ocrx_word' id='word_1_252' title='bbox 1000 1894 1053 1926; x_wconf 86' lang='lat' dir='ltr'>hie</span> <span class='ocrx_word' id='word_1_253' title='bbox 1077 1895 1218 1927; x_wconf 84' lang='lat' dir='ltr'>adducit</span> 
     </span>
     <span class='ocr_line' id='line_1_32' title="bbox 88 1949 1221 1995; baseline -0.001 -12"><span class='ocrx_word' id='word_1_254' title='bbox 88 1951 249 1991; x_wconf 82' lang='lat' dir='ltr'>Huetius,</span> <span class='ocrx_word' id='word_1_255' title='bbox 283 1963 452 1995; x_wconf 86' lang='lat' dir='ltr'>quemque</span> <span class='ocrx_word' id='word_1_256' title='bbox 477 1951 641 1983; x_wconf 84' lang='lat' dir='ltr'>haesitans</span> <span class='ocrx_word' id='word_1_257' title='bbox 666 1949 836 1982; x_wconf 80' lang='lat' dir='ltr'>immerito</span> <span class='ocrx_word' id='word_1_258' title='bbox 863 1950 1050 1993; x_wconf 80' lang='lat' dir='ltr'>suspicatur</span> <span class='ocrx_word' id='word_1_259' title='bbox 1077 1963 1095 1982; x_wconf 83' lang='lat' dir='ltr'>a</span> <span class='ocrx_word' id='word_1_260' title='bbox 1120 1951 1221 1983; x_wconf 83' lang='lat' dir='ltr'>libra-</span> 
     </span>
     <span class='ocr_line' id='line_1_33' title="bbox 90 2005 1221 2052; baseline -0.001 -13"><span class='ocrx_word' id='word_1_261' title='bbox 90 2007 166 2046; x_wconf 85' lang='lat' dir='ltr'>riis,</span> <span class='ocrx_word' id='word_1_262' title='bbox 198 2007 251 2039; x_wconf 87' lang='lat' dir='ltr'>vel</span> <span class='ocrx_word' id='word_1_263' title='bbox 283 2008 324 2039; x_wconf 80' lang='lat' dir='ltr'>ab</span> <span class='ocrx_word' id='word_1_264' title='bbox 355 2006 540 2052; x_wconf 85' lang='lat' dir='ltr'>interprete</span> <span class='ocrx_word' id='word_1_265' title='bbox 566 2006 738 2046; x_wconf 83' lang='lat' dir='ltr'>vitiatum,</span> <span class='ocrx_word' id='word_1_266' title='bbox 771 2006 822 2037; x_wconf 86' lang='lat' dir='ltr'>vel</span> <span class='ocrx_word' id='word_1_267' title='bbox 849 2005 994 2049; x_wconf 79' lang='lat' dir='ltr'>denique</span> <span class='ocrx_word' id='word_1_268' title='bbox 1026 2006 1221 2047; x_wconf 81' lang='lat' dir='ltr'>significare,</span> 
     </span>
     <span class='ocr_line' id='line_1_34' title="bbox 91 2061 1220 2108; baseline 0 -14"><span class='ocrx_word' id='word_1_269' title='bbox 91 2062 156 2095; x_wconf 85' lang='lat' dir='ltr'>alia</span> <span class='ocrx_word' id='word_1_270' title='bbox 193 2063 355 2108; x_wconf 86' lang='lat' dir='ltr'>quaedam</span> <span class='ocrx_word' id='word_1_271' title='bbox 391 2063 425 2095; x_wconf 90' lang='lat' dir='ltr'>in</span> <span class='ocrx_word' id='word_1_272' title='bbox 466 2063 613 2096; x_wconf 88' lang='lat' dir='ltr'>Genesin</span> <span class='ocrx_word' id='word_1_273' title='bbox 651 2062 852 2095; x_wconf 75' lang='lat' dir='ltr'>meditatum</span> <span class='ocrx_word' id='word_1_274' title='bbox 890 2061 989 2093; x_wconf 85' lang='lat' dir='ltr'>fuisse</span> <span class='ocrx_word' id='word_1_275' title='bbox 1027 2061 1220 2102; x_wconf 71' lang='lat' dir='ltr'>origenem.</span> 
     </span>
     <span class='ocr_line' id='line_1_35' title="bbox 70 2117 1222 2158; baseline 0.001 -8"><span class='ocrx_word' id='word_1_276' title='bbox 70 2117 363 2153; x_wconf 29' lang='lat' dir='ltr'>*Commentarios</span> <span class='ocrx_word' id='word_1_277' title='bbox 400 2132 477 2152; x_wconf 89' lang='lat' dir='ltr'>suos</span> <span class='ocrx_word' id='word_1_278' title='bbox 512 2119 547 2151; x_wconf 87' lang='lat' dir='ltr'>in</span> <span class='ocrx_word' id='word_1_279' title='bbox 579 2118 726 2152; x_wconf 88' lang='lat' dir='ltr'>Genesin</span> <span class='ocrx_word' id='word_1_280' title='bbox 764 2118 843 2150; x_wconf 83' lang='lat' dir='ltr'>citat</span> <span class='ocrx_word' id='word_1_281' title='bbox 882 2117 1045 2158; x_wconf 82' lang='lat' dir='ltr'>Origenes</span> <span class='ocrx_word' id='word_1_282' title='bbox 1077 2117 1222 2152; x_wconf 73' lang='lat' dir='ltr'>Tractat.</span> 
     </span>
     <span class='ocr_line' id='line_1_36' title="bbox 94 2174 1221 2214; baseline -0.001 -7"><span class='ocrx_word' id='word_1_283' title='bbox 94 2174 235 2211; x_wconf 78' lang='lat' dir='ltr'><strong>XXXV,</strong></span> <span class='ocrx_word' id='word_1_284' title='bbox 262 2174 297 2206; x_wconf 87' lang='lat' dir='ltr'>in</span> <span class='ocrx_word' id='word_1_285' title='bbox 321 2175 463 2214; x_wconf 58' lang='lat' dir='ltr'>Matth„</span> <span class='ocrx_word' id='word_1_286' title='bbox 497 2185 530 2207; x_wconf 90' lang='lat' dir='ltr'>et</span> <span class='ocrx_word' id='word_1_287' title='bbox 555 2175 630 2207; x_wconf 88' lang='lat' dir='ltr'>libr.</span> <span class='ocrx_word' id='word_1_288' title='bbox 646 2176 703 2208; x_wconf 84' lang='lat' dir='ltr'>IV.</span> <span class='ocrx_word' id='word_1_289' title='bbox 730 2188 766 2207; x_wconf 82' lang='lat' dir='ltr'>ac</span> <span class='ocrx_word' id='word_1_290' title='bbox 791 2176 848 2206; x_wconf 90' lang='lat' dir='ltr'>Vl.</span> <span class='ocrx_word' id='word_1_291' title='bbox 875 2183 990 2206; x_wconf 80' lang='lat' dir='ltr'>contra</span> <span class='ocrx_word' id='word_1_292' title='bbox 1017 2174 1105 2206; x_wconf 81' lang='lat' dir='ltr'>Cels.</span> <span class='ocrx_word' id='word_1_293' title='bbox 1129 2187 1221 2206; x_wconf 88' lang='lat' dir='ltr'>num.</span> 
     </span>
    </p>
   </div>
   <div class='ocr_carea' id='block_1_6' title="bbox 95 2229 1224 2322">
    <p class='ocr_par' dir='ltr' id='par_1_6' title="bbox 95 2229 1224 2322">
     <span class='ocr_line' id='line_1_37' title="bbox 95 2229 1224 2269; baseline -0.001 -6"><span class='ocrx_word' id='word_1_294' title='bbox 95 2229 167 2269; x_wconf 81' lang='grc'>37.,</span> <span class='ocrx_word' id='word_1_295' title='bbox 193 2239 225 2262; x_wconf 85' lang='lat' dir='ltr'>et</span> <span class='ocrx_word' id='word_1_296' title='bbox 248 2243 338 2261; x_wconf 88' lang='lat' dir='ltr'>num.</span> <span class='ocrx_word' id='word_1_297' title='bbox 363 2230 415 2264; x_wconf 82' lang='grc'>49.</span> <span class='ocrx_word' id='word_1_298' title='bbox 464 2231 590 2263; x_wconf 85' lang='lat' dir='ltr'>Laudat</span> <span class='ocrx_word' id='word_1_299' title='bbox 622 2240 655 2264; x_wconf 87' lang='lat' dir='ltr'>et</span> <span class='ocrx_word' id='word_1_300' title='bbox 679 2230 864 2263; x_wconf 82' lang='lat' dir='ltr'>Homiliam</span> <span class='ocrx_word' id='word_1_301' title='bbox 889 2229 982 2262; x_wconf 86' lang='lat' dir='ltr'>Xlll.</span> <span class='ocrx_word' id='word_1_302' title='bbox 1018 2229 1052 2261; x_wconf 85' lang='lat' dir='ltr'>in</span> <span class='ocrx_word' id='word_1_303' title='bbox 1077 2229 1224 2263; x_wconf 80' lang='lat' dir='ltr'>Genesin</span> 
     </span>
     <span class='ocr_line' id='line_1_38' title="bbox 98 2285 840 2322; baseline 0 -3"><span class='ocrx_word' id='word_1_304' title='bbox 98 2285 229 2319; x_wconf 86' lang='lat' dir='ltr'>Homil.</span> <span class='ocrx_word' id='word_1_305' title='bbox 255 2286 332 2318; x_wconf 85' lang='lat' dir='ltr'>Xll.</span> <span class='ocrx_word' id='word_1_306' title='bbox 358 2285 391 2317; x_wconf 89' lang='lat' dir='ltr'>in</span> <span class='ocrx_word' id='word_1_307' title='bbox 416 2286 582 2320; x_wconf 56' lang='lat' dir='ltr'>humeros</span> <span class='ocrx_word' id='word_1_308' title='bbox 606 2300 697 2321; x_wconf 88' lang='lat' dir='ltr'>num.</span> <span class='ocrx_word' id='word_1_309' title='bbox 723 2287 752 2322; x_wconf 85' lang='lat'>1-</span> <span class='ocrx_word' id='word_1_310' title='bbox 801 2287 840 2319; x_wconf 84' lang='lat' dir='ltr'>R.</span> 
     </span>
    </p>
   </div>
  </div>
 </body>
</html>
