1422 2472
347 83 418 107 nno
444 74 613 108 omem-z
640 74 863 107 Anmomrxo.
1107 75 1172 111 281

38 166 168 211 priores
191 164 336 198 Codices
360 164 429 198 sive
453 164 684 209 supprimere,
712 163 782 196 sive
807 164 1009 198 emendare?
1057 165 1174 208 »Quid

37 227 138 270 igitur
159 227 363 260 dicendum?
394 227 466 259 Det
488 225 571 258 mihi
596 226 706 259 lector
728 239 854 271 aequus
880 226 1092 273 conjectandi
1116 240 1174 261 ve-

37 293 146 330 niam,
175 289 286 334 inquit
316 289 437 322 Bullus
467 288 685 321 Defensionis
716 288 796 321 fidei
826 289 993 322 Nicaenae
1025 290 1066 322 de
1091 289 1176 322 Filii

38 354 87 397 τῷ
111 350 296 398 ὁμοουσίῳ
327 364 399 396 cap.
422 351 454 385 9.
486 364 578 384 num.
603 351 660 386 21.
707 351 906 396 Pamphilus
938 365 1048 396 prope
1073 352 1177 386 finem

38 413 228 459 Apologiae
252 426 270 447 a
295 413 418 446 Rufino
444 425 577 453 versae,
610 412 767 455 Origenis
803 425 952 446 errorem
985 416 1028 447 de
1053 415 1178 448 anima-

38 489 114 509 rum
137 474 364 523 προϋπάρξει
389 476 584 516 defendens,
609 476 663 508 vel
689 484 778 508 certe
798 488 966 516 excusans,
993 486 1178 522 contraque

41 551 98 571 eos
130 539 321 584 disputans,
358 538 416 584 qui
448 538 634 571 animarum
664 537 913 570 traductionem
945 539 1178 581 defenderent,

41 602 108 634 duo
142 601 266 634 horum
296 613 416 643 genera
448 600 626 634 describit:
667 599 810 633 alterum
837 613 979 641 eorum,
1017 601 1076 646 qui
1101 614 1179 635 cum

40 662 165 695 animas
192 661 369 696 hominum
395 676 433 696 ex
467 664 606 695 traduce
639 675 708 695 esse
741 662 922 703 docerent,
959 662 1105 707 primam
1130 673 1180 697 ta-

39 737 118 757 men
142 725 288 758 animam
327 737 366 758 ex
390 724 458 757 Dei
490 737 560 757 esse
585 724 770 757 substantia
794 724 1034 758 defenderent:
1060 738 1179 761 eorum

40 787 204 828 alterum,
238 787 296 833 qui
328 775 366 820 ex
390 787 499 820 nihilo
524 788 648 820 factam
674 799 743 820 esse
769 799 787 819 a
810 787 888 819 Deo
913 787 1059 821 animam
1083 788 1179 822 illam

39 849 185 894 primam
214 859 409 885 assererent.
463 851 635 884 Adversus
665 849 798 895 priores
829 850 875 883 ita
911 849 1044 884 disserit
1080 852 1180 886 Pam-

41 912 197 958 philus:‹<
244 913 363 946 »»Jam
387 925 468 946 vero
495 912 566 955 illi,
602 912 661 958 qui
686 925 724 945 ex
748 912 887 945 traduce
912 911 1039 946 animas
1063 914 1180 948 venire

41 975 229 1018 affirmant,
262 985 295 1009 et
323 974 423 1009 simul
455 988 532 1008 cum
565 974 735 1020 corporali
769 986 822 1008 eas
853 974 981 1008 semine
1005 975 1182 1020 seminari;

43 1037 222 1082 siquidem,
245 1046 284 1070 ut
308 1037 445 1082 quidam
469 1036 623 1081 ipsorum
647 1036 814 1069 affirmare
839 1037 970 1078 solent,
994 1051 1064 1070 non
1089 1039 1181 1072 aliud

44 1099 161 1132 dicunt
191 1099 337 1132 animam
371 1111 460 1139 esse,
493 1111 592 1143 quam
624 1098 889 1132 insufflationem
922 1100 1070 1144 Spiritus
1102 1101 1183 1142 Dei,

42 1162 137 1194 illam
162 1161 310 1202 scilicet,
335 1174 434 1206 quam
458 1152 494 1193 in
518 1160 615 1194 initio
640 1161 789 1194 facturae
815 1161 935 1194 mundi
957 1162 1053 1195 Deus
1077 1162 1183 1196 insuf-

43 1225 138 1257 flasse
162 1223 286 1257 dicitur
309 1223 344 1256 in
371 1223 499 1264 Adam,
540 1224 581 1256 de
607 1223 680 1268 ipsa
704 1223 774 1256 Dei
806 1235 876 1257 esse
901 1236 974 1257 eam
999 1225 1183 1259 substantia

41 1286 258 1332 profitentes:
286 1286 464 1331 quomodo
488 1298 557 1318 non
583 1294 616 1318 et
631 1285 687 1319 isti
704 1285 909 1319 videbuntur
924 1287 1180 1332 quodammodo

43 1350 122 1383 haec
146 1358 282 1394 praeter
304 1348 499 1393 Scripturae
523 1348 692 1390 regulam,
726 1358 759 1381 et
782 1348 950 1382 rationem
974 1349 1109 1394 pietatis
1134 1363 1183 1383 as-

42 1424 164 1451 serere,
190 1412 284 1457 quod
309 1410 492 1444 substantia
516 1410 584 1443 Dei
610 1409 728 1444 est?««
769 1411 854 1444 »Vix
879 1411 1009 1452 dubito,
1036 1412 1117 1457 quin
1143 1425 1182 1446 ex

42 1474 92 1507 his
115 1474 227 1507 verbis
262 1474 359 1507 istam
390 1474 571 1519 Pamphilo
606 1473 808 1507 calumniam
833 1474 990 1507 struxerit
1012 1475 1182 1522 Hierony-

42 1550 128 1571 mus.
176 1536 316 1581 Quippe
353 1550 430 1569 cum
460 1537 623 1569 Veterum
657 1535 773 1568 multis
805 1536 909 1569 sensit
941 1536 1181 1584 Hieronymus,

42 1599 246 1645 spiraculum
271 1599 371 1639 vitae,
395 1599 487 1644 quod
506 1599 601 1632 Deus
626 1598 738 1643 primo
762 1599 895 1632 homini
918 1598 1104 1633 insufflasse
1129 1600 1180 1633 di-

44 1662 141 1703 citur,
164 1662 266 1695 fuisse
291 1662 403 1707 ipsum
428 1661 592 1707 Spiritum
624 1670 776 1695 sanctum
808 1661 919 1694 eidem
952 1662 1082 1695 homini
1113 1676 1178 1696 una

45 1739 121 1759 cum
151 1727 261 1760 anima
294 1725 364 1773 ejus
394 1726 554 1759 infusum.
609 1724 665 1757 Sic
695 1724 728 1756 in
763 1723 1023 1758 Commentariis
1046 1724 1080 1756 in
1106 1738 1178 1770 cap.

45 1791 102 1826 lV.
129 1790 226 1836 epist.
252 1790 294 1822 ad
317 1788 501 1834 Ephesios,
533 1788 574 1820 ad
599 1788 700 1820 verba
723 1786 828 1820 illan<
863 1787 1022 1820 »³›Nolite
1039 1786 1070 1832 ¹)
1098 1800 1179 1820 con-

45 1853 176 1887 tristare
200 1852 366 1897 Spiritum
390 1860 562 1891 sanctum,
593 1850 628 1883 in
653 1863 720 1895 quo
746 1849 864 1892 signati
889 1850 966 1883 estis
990 1850 1024 1883 in
1049 1850 1103 1883 die
1127 1864 1181 1884 re-

47 1916 242 1950 demtionis:
259 1928 299 1947 a«
347 1913 448 1947 »haec
479 1914 664 1946 adnotatu<
705 1912 885 1955 »»Signati
928 1913 1018 1945 enim
1063 1926 1177 1947 sumus

47 1980 177 2025 Spiritu
199 1979 267 2013 Dei
291 1987 417 2018 sancto,
441 1986 481 2009 ut
505 1986 538 2009 et
562 1975 709 2021 Spiritus
733 1985 848 2008 noster
874 1984 906 2007 et
929 1974 1040 2007 anima
1063 1974 1181 2020 impri-

47 2051 180 2075 mantur
201 2041 370 2084 signaculo
396 2040 483 2080 Dei,
518 2048 551 2072 et
581 2040 674 2072 illam
705 2039 908 2084 recipiamus
941 2037 1121 2080 imaginem
1147 2048 1181 2070 ct

47 2103 322 2145 similitudinem,
353 2103 396 2136 ad
427 2115 527 2148 quam
552 2103 585 2135 in
610 2102 750 2135 exordio
778 2101 906 2135 conditi
931 2113 1056 2133 sumus.
1104 2100 1181 2133 Hoc

49 2165 254 2210 signaculum
289 2165 393 2199 sancti
423 2165 586 2210 Spiritus,
627 2164 718 2211 juxta
760 2164 939 2212 eloquium
979 2162 1181 2206 Serv-amris,

53 2249 110 2256 ‚-

144 2291 176 2340 ¹)
203 2290 270 2330 Cir.
297 2289 422 2340 Ephes.
448 2291 505 2334 lv,
530 2290 583 2329 30,
