1413 2482
217 86 284 121 250
552 88 663 122 Pam
688 89 863 121 Daumius
887 87 1023 122 Hunni

216 176 304 209 hunc
340 178 451 210 valent
485 177 714 222 conjecturae,
746 186 779 210 at
816 177 939 211 valebit
975 186 1067 210 certe
1102 177 1270 211 Codicum
1302 190 1357 209 ve-

215 247 325 270 terum
359 239 539 281 dissensio,
573 252 719 283 quorum
750 239 855 283 aliqui
881 239 1014 272 Victori
1040 238 1253 272 Antiocheno
1279 252 1356 271 euru

215 300 387 341 tribuunt;
427 300 616 346 cujusmodi
649 298 707 333 est'
730 301 817 333 liber
849 301 986 345 quidam
1025 300 1259 334 Bibliothecae
1292 301 1357 334 Re-

214 361 304 402 giae,
343 361 535 405 cujusmodi
568 372 598 394 et
631 362 689 394 ille
721 362 785 395 fuit
809 362 986 395 Theodori
1017 362 1151 395 Peltani
1175 362 1356 396 Societatis

213 424 295 456 Jesu
332 423 506 465 theologi,
555 424 611 468 qui
649 424 940 457 Commeat-arium
981 424 1070 457 istud
1109 423 1225 457 Latine
1265 436 1284 456 a
1320 437 1354 456 se

213 485 386 517 redditum
427 486 489 517 sub
521 485 670 518 Victoris
710 486 849 518 nomine
897 485 1092 530 publicavit.
1155 486 1250 519 Idem
1297 485 1355 518 alii

215 547 347 593 Cyrillo
369 547 598 580 Alexandrino
625 547 771 580 Codices
795 548 1008 580 adscribunt:
1034 546 1226 591 cujusmodi
1253 547 1354 580 etiam

212 609 298 642 alter
328 610 564 642 Bibliothecae
596 610 731 651 Regiae.
778 610 849 642 Nec
888 609 996 642 titulis
1032 610 1142 642 solum
1181 609 1354 642 diversitas

212 671 315 710 inest,
347 672 403 704 sed
438 671 515 704 libri
547 672 646 704 etiam
677 670 859 703 contextui.
912 672 948 703 ln
980 670 1166 704 Codicibus
1193 670 1353 710 Victoris,

213 733 266 765 vel
293 733 411 780 Cyrilli
436 733 574 766 nomine
598 731 999 781 inscriptiSQOrigenem,
1023 732 1220 772 Eusebium,
1247 731 1353 778 Chry-

211 804 413 833 sostomum‚
435 795 700 839 Apollinarium,
723 804 756 827 et
780 793 1003 827 Theodorum
1029 794 1165 836 citatos;
1190 794 1352 828 Catharos

212 869 292 889 vero
318 857 518 889 Haereticos
543 856 739 901 perstrictos
770 856 936 900 reperias:
967 865 1067 899 atque
1092 856 1173 888 baec
1204 856 1352 894 nomina,

211 918 341 962 aliaque
368 918 491 958 multa,
525 930 615 950 erasa
641 918 795 950 offendas
821 917 861 949 ab
887 918 1151 962 exemplaribus,
1177 931 1266 963 quae
1288 930 1351 950 no-

209 992 287 1012 men
312 979 468 1021 Origenis
493 979 527 1012 in
552 980 664 1012 fronte
689 987 819 1021 gerunt.
869 978 966 1022 Quae
991 979 1018 1011 si
1043 979 1115 1024 quis
1141 993 1217 1012 casu
1242 979 1350 1012 conti·

209 1040 294 1082 gisse
318 1049 436 1084 putet,
461 1053 582 1084 parum
606 1041 665 1073 ille
690 1040 909 1074 librariorum
934 1040 1107 1073 audaciam
1131 1041 1351 1086 perspexerit.

211 1102 295 1134 Mihi
323 1114 403 1134 vero
431 1115 507 1134 cum
543 1111 636 1134 certo
662 1111 810 1141 constet,
844 1101 1136 1135 commentarium
1167 1102 1258 1135 istud
1281 1115 1349 1135 non

209 1175 280 1195 esse
316 1163 493 1205 Origenis,
525 1163 708 1196 verisimile
741 1163 779 1195 fit
813 1164 855 1196 ab
886 1163 926 1196 iis
963 1163 1063 1196 fuisse
1094 1162 1350 1208 interpolatum,

209 1234 243 1257 et
273 1224 306 1258 in
333 1225 571 1267 Origenianam
606 1226 878 1259 lucubrationem
913 1237 1088 1265 recusum,
1120 1238 1190 1270 quo
1215 1225 1349 1259 facilius

210 1288 374 1328 lectores,
400 1288 454 1319 vel
480 1298 627 1321 emtores
650 1287 910 1320 nancisceretur.

298 1349 374 1382 Jam
401 1362 481 1381 vero
499 1349 566 1381 utri
585 1350 710 1394 potius,
736 1348 880 1389 Victori,
905 1362 946 1380 an
961 1348 1104 1395 Cyrillo,
1130 1349 1346 1382 tribuendum

206 1412 249 1444 sit
279 1411 370 1444 istud
396 1411 686 1444 Commentariun]
722 1411 927 1456 dijudicare,
962 1411 1024 1443 etsi
1056 1420 1106 1442 est
1131 1420 1265 1454 praeter
1295 1411 1347 1443 in-

206 1473 379 1514 stitutum,
411 1473 521 1506 dicam
547 1470 658 1505 tame'n
683 1473 795 1508 obiter
818 1472 950 1505 Victori
976 1471 1211 1513 verisimilius,
1243 1485 1344 1517 quam

207 1536 337 1582 Cyrillo
363 1534 526 1568 adscribi:
560 1548 623 1567 nec
655 1535 746 1568 enim
771 1534 954 1577 Origenem
979 1543 1046 1567 tam
1080 1535 1200 1567 crebro
1224 1543 1346 1568 testem

206 1611 224 1630 a
258 1598 388 1644 Cyrillo
424 1597 613 1646 laudatum,
646 1610 709 1630 nec
735 1586 970 1643 Clirysostomi
1001 1605 1195 1641 usurpatam
1227 1597 1269 1630 ab
1302 1609 1344 1629 eo

206 1660 442 1693 auctoritatem
476 1659 576 1691 facile
608 1659 810 1703 putaverim.
859 1659 913 1692 De
939 1657 1087 1691 Victoris
1110 1667 1219 1691 aetate
1244 1671 1346 1703 quae-

205 1721 350 1754 stionem
377 1722 478 1754 habet
501 1721 681 1760 Peltanus,
712 1730 745 1753 et
769 1721 909 1754 Juliano
935 1719 1161 1764 antiquiorem
1187 1732 1258 1752 esse
1281 1733 1346 1764 pu-

206 1792 272 1824 tat,
313 1783 391 1815 ideo
420 1784 514 1827 quod
541 1782 711 1815 decimum
736 1783 872 1815 tertium
895 1781 1003 1814 Marci
1027 1791 1129 1826 caput
1162 1794 1345 1826 exponens,

205 1845 422 1878 fundamenta
448 1845 569 1888 templi
601 1857 776 1889 superesse
801 1844 909 1884 dicat;
942 1855 980 1876 ea
1005 1855 1085 1875 vero
1111 1843 1248 1876 Juliano
1278 1843 1343 1876 im-

204 1916 344 1952 perante
370 1906 471 1938 l‘uisse
502 1907 646 1945 refossa,
679 1906 768 1951 juxta
792 1904 979 1949 Nicephori
1009 1904 1257 1938 testimonium:
1290 1917 1344 1938 ca-

205 1968 277 2013 pite
303 1980 382 2000 vero
407 1968 561 2011 sequenti
587 1968 749 2001 Catharos
774 1967 971 2000 Haereticos
995 1966 1171 2008 suggillet,
1195 1977 1341 2010 quorum

205 2029 351 2063 haeresis
376 2039 451 2062 ante
475 2030 559 2061 hanc
583 2038 728 2061 aetatem
754 2029 862 2061 {uerat
887 2030 927 2061 ab
954 2029 1096 2061 ecclesia
1119 2027 1306 2072 profligata.

297 2092 336 2123 V.
370 2090 468 2124 Circa
493 2090 678 2130 Humilias,
703 2103 786 2134 quae
813 2090 845 2123 iu
872 2091 1033 2123 Diversus
1058 2089 1197 2122 inscribi
1219 2090 1342 2131 solent,

206 2163 282 2187 ante
308 2152 420 2185 omnia
443 2153 629 2186 notandum
655 2162 714 2191 est,
739 2152 839 2185 fuisse
866 2153 952 2197 ipsas
970 2166 987 2184 a
1004 2152 1153 2185 Merlino
1179 2164 1218 2184 ex
1243 2151 1341 2184 variis

208 2215 292 2247 locis
333 2216 508 2253 collectas,
545 2224 575 2246 et
610 2227 650 2246 eo
687 2214 869 2246 collocatas
904 2215 1042 2254 ordine,
1080 2226 1148 2259 quo
1182 2213 1271 2246 inter
1304 2226 1339 2246 se

208 2277 390 2321 dispositae
432 2287 622 2311 cernuntur.
681 2277 716 2308 ld
753 2276 822 2319 ipse
861 2276 893 2308 in
932 2277 1081 2309 editione
1119 2288 1176 2308 sua
1212 2275 1254 2308 de
1290 2274 1338 2308 his
