1422 2472
339 93 652 127 Omenmmoaum
676 91 789 126 Lmen
811 90 875 125 111.
1111 89 1174 126 109

40 195 156 216 manus
188 182 416 216 inserentium.
465 184 505 216 ld
537 183 611 228 ipso
644 182 828 215 etiamnum
860 180 938 213 vivo
971 189 1174 212 attentarunt

39 244 206 279 nonnulli.
255 245 339 278 Ausi
362 254 440 278 sunt
462 244 552 278 idem
578 245 799 290 postmodum
824 242 958 283 Ariani,
982 242 1173 287 horumque

39 307 178 340 demum
203 317 443 352 corruptorum
467 307 642 340 audaciam
670 307 813 340 Rufinus
837 305 897 340 lib.
922 305 963 337 de
996 304 1175 338 adulterat.

42 369 161 405 libror.
188 369 342 412 Origenis
374 368 535 412 coarguit.
584 368 712 402 Verum
738 382 807 402 non
838 368 941 401 alium
974 379 1176 412 quemquam

43 433 185 475 Origeni
208 442 337 466 tantum
362 431 504 477 perfidia
536 444 595 464 sua
620 442 652 466 et
676 432 865 465 temeritate
889 429 1044 464 nocuisse
1077 442 1177 474 quam

41 495 203 528 Rufinum
219 495 343 540 ipsum,
357 494 479 527 merito
498 493 665 527 affirmare
682 507 832 539 possum.
861 495 947 526 Nam
965 492 1035 538 ejus
1053 491 1178 536 scripta

41 557 283 603 interpretans,
314 557 360 590 ita
385 556 620 589 additamentis
645 566 678 589 et
702 555 967 589 detractionibus
990 554 1121 588 vexavit
1145 562 1179 586 et

43 619 211 664 corrupit,
242 628 281 652 ut
305 618 487 662 Origenem
519 617 552 651 in
587 618 734 662 Origene
761 618 941 652 desideres.
987 618 1179 662 Acceptum

41 680 120 716 huie
144 681 284 727 quidem
307 682 413 716 refert
435 682 675 722 Adamantius,
701 682 794 727 quod
820 694 924 727 opera
948 679 1051 725 ipsius
1075 692 1094 712 a
1117 679 1179 711 La-

41 743 119 776 tinis
135 743 329 777 bominibus
354 744 546 779 intellectus
572 754 605 779 et
627 752 806 789 usurpatus
832 753 899 785 est;
922 752 956 775 et
981 742 1075 787 quod
1100 753 1180 774 con-

41 806 160 840 sumtis
184 806 432 852 exemplaribus
445 806 583 841 Graecis
606 806 641 839 in
658 806 822 840 Romanis
846 803 1180 850 interpretationibus

44 869 299 915 quodammodo
330 868 461 903 revixit.
509 870 636 903 Verum
659 868 780 902 iisdem
811 866 1078 913 expositionibus
1103 878 1180 899 cum

41 930 150 974 ignari
186 932 335 966 Graecae
372 931 505 975 linguae
541 931 696 965 homines
731 930 1000 977 acquiescerent,
1033 927 1182 972 neglecti

42 993 115 1026 fere
139 993 284 1028 Codices
308 993 430 1027 Graeci
453 993 644 1039 perierunt,
669 993 755 1027 adeo
779 1003 818 1026 ut
840 993 930 1026 bona
955 992 1085 1026 Graeca
1107 1003 1182 1036 pes-

43 1054 135 1088 simis
163 1054 289 1089 Latinis
319 1064 526 1088 commutata
557 1055 633 1089 sint.
693 1055 923 1101 Quotquot¹)
959 1067 1037 1097 ergo
1074 1053 1181 1086 libros

47 1116 203 1159 origenis
227 1117 268 1150 ad
291 1129 354 1150 nos
377 1117 513 1150 fortuna
534 1115 728 1156 transmisit,
752 1117 897 1150 violatos
915 1129 985 1150 esse
1000 1114 1183 1149 verisimile

47 1187 114 1218 est,
143 1187 178 1212 at
209 1191 267 1212 eos
297 1178 533 1224 potissimum,
567 1178 623 1224 qui
655 1188 789 1224 praeter
821 1177 1033 1211 notariorum
1058 1175 1182 1223 σφάλ·

45 1253 164 1286 ματα,
193 1250 228 1274 et
250 1241 497 1275 haereticorum
521 1242 803 1282 adulterationes,
832 1241 1059 1285 interpretum
1084 1238 1185 1272 etiam

46 1301 326 1336 hallucinationes
355 1313 388 1336 et
411 1303 589 1348 perfidiam
614 1312 799 1337 senserunt.

136 1365 201 1399 IV.
245 1365 325 1398 Non
348 1378 410 1410 par
439 1378 517 1408 ergo
552 1374 586 1399 et
616 1366 734 1398 eadem
760 1374 810 1398 est
841 1364 1008 1397 librorum
1033 1362 1184 1396 omnium

48 1426 246 1467 auctoritas,
280 1426 472 1473 quicunque
504 1440 542 1460 ex
575 1426 731 1470 Origenis
764 1427 889 1461 incude
919 1426 1067 1473 profecti
1096 1435 1184 1459 sunt.

49 1489 349 1533 Quemadmodum
364 1489 454 1522 enim
471 1489 619 1534 suspecti
636 1500 729 1523 erant
747 1490 771 1523 ii
785 1490 979 1536 praecipue,
995 1499 1028 1522 et
1046 1489 1185 1522 damno-

48 1551 184 1585 sissimis
207 1561 335 1585 scatere
360 1552 548 1592 erroribus,
581 1561 614 1585 et
638 1553 686 1585 ab.
706 1552 866 1586 ecclesiae
893 1552 1071 1597 disciplina
1094 1563 1187 1584 rece-

49 1614 129 1647 dere
154 1613 361 1655 dicebantur,
386 1626 471 1659 quos
493 1614 567 1659 ipse
591 1626 655 1659 per
678 1613 786 1647 otium
797 1625 941 1648 -secreto
967 1615 1186 1654 lucubrasset,

48 1689 87 1709 ac
110 1675 189 1709 libri
211 1675 394 1721 praecipue
419 1678 503 1723 περὶ
529 1675 663 1721 ἀρχῶν,
688 1676 724 1709 in
744 1676 865 1721 quibus
890 1677 1086 1719 dogmatum
1110 1688 1188 1708 suo-

48 1751 124 1771 rum
148 1737 320 1772 officinam
343 1747 514 1779 statuerat,
539 1748 576 1771 ut
599 1748 712 1771 narrat
730 1737 929 1784 Pamphilus
947 1739 981 1771 in
999 1737 1185 1784 Apologia:

50 1800 97 1833 ita
129 1801 172 1833 ad
208 1800 278 1847 ejus
313 1812 427 1834 sensus
461 1800 595 1845 penitus
626 1800 930 1845 introspiciendus,
968 1813 1005 1834 ac
1041 1799 1188 1833 eruenda

53 1862 226 1904 dogmata,
250 1862 356 1895 iidem
379 1875 469 1895 nunc
494 1862 708 1907 potissimum
734 1864 844 1896 valere
869 1864 1004 1896 debent.
1051 1863 1091 1895 In
1116 1862 1189 1895 Ho—

52 1923 154 1956 mitiis
185 1923 313 1969 quippe
342 1925 385 1957 ad
410 1924 500 1966 vulgi
534 1937 605 1957 sese
636 1925 908 1959 accommodavit
939 1934 1096 1970 captum,
1127 1936 1188 1956 nce

147 2067 178 2110 ¹)
203 2069 288 2102 Vide
319 2069 569 2104 praefationem
613 2081 763 2105 nostram
794 2071 906 2105 Tomo
932 2073 959 2105 I.
998 2070 1188 2115 praefixam,

56 2124 130 2164 pag.
154 2113 185 2146 2.
209 2113 240 2159 3.
265 2123 298 2146 et
321 2115 371 2154 4.,
402 2116 461 2148 ubi
493 2116 720 2158 ostendimus,
752 2117 999 2149 haereticorum
1025 2115 1190 2148 adultera—

59 2167 168 2190 tiones
192 2158 323 2202 scriptis
347 2160 502 2202 origenis
527 2174 595 2194 non
627 2176 749 2195 nocere
780 2163 946 2207 potuisse,
979 2176 1015 2193 ex
1041 2173 1107 2205 quo
1133 2173 1190 2192 au-

58 2202 204 2234 thentica
229 2205 428 2248 exemplaria
455 2220 593 2239 suorum
612 2208 763 2252 Operum
790 2209 860 2251 ipse
886 2218 961 2239 ante
986 2215 1130 2238 mortem
1156 2205 1189 2237 in

58 2247 263 2280 Caesariensi
295 2249 498 2282 bibliotheca
530 2253 698 2296 deposuit.
748 2254 889 2286 ssuaeus.
922 2272 963 2275 ---
1012 2251 1079 2284 Cfr.
1105 2250 1189 2282 Pro-

58 2293 232 2334 legomena
257 2293 358 2326 Tum.
383 2295 435 2328 ed.
459 2306 592 2328 nostrae
616 2298 742 2330 XXlV.
768 2297 990 2341 praefigenda.
