1422 2472
370 115 683 146 Onici-:sumnum
708 112 822 145 Lmen
848 111 892 144 ΙΙ.
1145 111 1186 144 79

60 203 243 250 lymitano,
280 202 401 246 quibus
438 215 511 235 eam
545 201 803 247 accipientibus,
841 210 873 233 et
903 200 1188 233 subscribentibus

60 265 225 308 Origenes
250 265 424 297 damnatus
450 274 498 297 est
523 273 692 303 mortuus,
732 263 789 308 qui
819 263 934 295 vivens
971 262 1053 294 olim
1078 263 1189 295 fuerat

59 336 135 359 ante
160 327 367 360 damnatus«
418 327 469 359 Ita
494 325 686 358 Adamantii
711 325 961 358 damnationem
985 323 1189 357 nobilissimi

59 388 220 421 ecclesiae
250 388 414 421 antistites
451 387 582 421 calculo
613 400 674 420 suo
717 387 1036 431 comprobaverunt.
1096 387 1188 419 Haec

60 450 149 482 circa
173 462 296 483 annum
322 449 399 484 538.
424 449 510 483 facta
535 449 831 493 deprehendimus.

149 512 242 544 Vlll.
290 510 433 543 Minime
453 523 533 542 vero
548 510 765 552 OrigenistaS,
790 511 849 543 sed
867 510 1052 552 Origenem
1077 511 1188 555 ipsum

61 573 121 605 luae
148 572 291 617 epistola
314 572 400 616 petit
424 571 650 612 hmini-mus,
676 571 944 616 enumeratisque
968 572 1074 616 ipsius
1098 586 1191 606 erro—

61 634 154 667 ribus
189 633 277 666 inter
308 633 508 667 Haereticos
540 634 785 666 recensendum
816 632 939 666 sancit:
975 638 1023 668 Εἰ
1054 639 1189 678 τοίνυν,

61 695 180 740 inquit,
205 693 363 735 ἅπαντες
395 697 569 740 αἱρετικοὶ
598 695 660 731 ἐπὶ
690 695 771 734 ἑνὸς
799 693 929 740 τυχὸν,
967 693 989 739 ἢ
1021 697 1190 744 δευτέρου

60 755 246 802 δόγματος
269 758 487 804 παρατροπῇ
512 757 742 801 ἐκβέβληνται
765 759 826 800 τῆς
843 755 1044 802 ἁγιωτάτης
1060 759 1190 802 ἔκκλη-

60 822 151 859 σίας,
176 817 438 862 ὑποβληθέντες
464 818 667 863 ἁναθέματι
700 818 791 864 μετὰ
817 821 889 854 τῶν
911 820 1018 854 ἰδίων
1042 820 1189 867 domui-

60 892 144 924 των,
170 883 222 920 τίς
244 879 333 920 ὅλως
366 882 598 926 Χριστιανῶν
630 881 787 920 ἀνέξεται
820 881 1028 926 Ὠριγένους
1058 895 1096 918 τε
1127 887 1190 918 καὶ

62 944 135 977 τῶν
158 945 332 989 πονηρῶν
355 943 466 978 αὐτοῦ
490 941 790 990 συγγραμμάτων
821 941 1102 986 ἀντιποιεῖσθαι,
1125 949 1190 981 τοῦ

62 1003 237 1044 τοσαύτας
267 1003 338 1049 μὲν
368 1003 550 1050 εἰρηκότος
578 1008 833 1051 βλασφημίας,
865 1007 956 1040 πᾶσι
992 1006 1031 1041 δὲ
1057 1007 1191 1052 σχεδὸν

62 1068 253 1111 αἱρετικοῖς
290 1065 470 1111 τοσαύτην
506 1065 596 1111 ὕλην
637 1067 815 1106 ἀπωλείας
860 1069 920 1102 καὶ
956 1070 1193 1114 βλασφημίας

61 1130 366 1174 παρασχομένου,
397 1130 459 1163 καὶ
492 1128 552 1163 διὰ
582 1131 708 1173 τοῦτο,
746 1131 807 1164 καὶ
837 1128 937 1173 παρὰ
968 1132 1041 1164 τῶν
1074 1130 1192 1176 ἁγίων

62 1193 228 1235 πατέρων
259 1189 412 1225 ἔκπαλαι
451 1189 523 1226 ὑπὸ
556 1189 727 1235 ἀνάθεμα
766 1195 968 1235 γενομένου
998 1191 1091 1238 μετὰ
1122 1194 1194 1227 τῶν

62 1254 240 1296 μυσαρῶν
263 1251 373 1287 αὐτοῦ
398 1251 616 1296 domninum
656 1252 709 1285 Ad
742 1251 823 1285 haec
846 1261 983 1297 promta
1005 1262 1055 1286 est
1078 1262 1112 1286 et
1135 1266 1194 1298 pa-

63 1322 134 1347 rata
157 1312 329 1358 exceptio:
355 1312 393 1346 Si
418 1325 513 1346 error
549 1314 757 1347 haereticum
787 1314 889 1354 facit,
912 1315 1023 1347 fateor
1048 1314 1194 1348 haereti-

63 1388 140 1408 cum
163 1387 234 1408 esse
259 1374 461 1416 origenem
484 1374 535 1408 sin
560 1376 763 1419 pertinacia,
787 1376 862 1421 quis
886 1375 1058 1409 erroribus
1088 1377 1194 1421 perti-

62 1437 190 1471 naciter
211 1435 398 1470 adhaesisse
424 1436 606 1478 Origenem
631 1437 745 1470 dicere
770 1437 915 1471 audeat?
952 1437 1112 1472 Ostendit
1135 1439 1194 1471 de—

64 1498 179 1544 inceps
202 1498 397 1542 imperator,
410 1497 549 1540 Paganis
575 1509 609 1531 et
621 1499 828 1533 Manichaeis
849 1500 1087 1533 Adamantium
1113 1513 1193 1532 con-

63 1560 213 1600 sensisse,
238 1573 276 1592 ex
301 1561 439 1604 ejusque
462 1560 606 1594 decretis
634 1562 789 1595 Arianam
827 1561 979 1594 haeresin
1010 1563 1191 1595 coaluisse:

63 1631 135 1656 tum
160 1621 346 1657 animarum
379 1619 608 1667 προῧπαρξιν
637 1632 728 1657 tanta
760 1623 978 1657 contentione
1010 1634 1193 1669 oppugnat,

62 1692 101 1718 ut
123 1683 223 1718 facile
247 1693 406 1728 appareat
435 1683 527 1718 inter
556 1684 774 1726 origenianas
804 1686 986 1719 sententias
1015 1686 1194 1732 hanepo-

63 1744 231 1781 tissimum
255 1745 353 1790 hujus
378 1745 450 1779 aevi
475 1745 673 1788 Origenistis
697 1746 864 1788 arrisisse,
888 1748 981 1792 quod
1005 1757 1038 1781 et
1064 1761 1102 1781 ex
1126 1748 1195 1781 Eu-

64 1806 202 1853 thymii‚
232 1815 266 1841 et
298 1807 431 1849 Cyriaci
463 1808 540 1842 vitis
569 1821 586 1842 a
618 1808 748 1855 Cyrillo
775 1809 958 1842 lucubratis
981 1809 1193 1851 intelligitur.

62 1869 259 1904 Notandum
281 1881 386 1914 porro
413 1870 646 1917 Chrysostomi
669 1871 898 1915 patrocinium
921 1871 1068 1904 libenter
1089 1871 1197 1904 adsci-

63 1942 156 1965 scere
178 1930 424 1972 Justinianum‚
454 1941 492 1965 ut
523 1933 590 1966 hoc
621 1946 758 1978 quoque
781 1932 969 1966 subsidium
993 1932 1196 1975 Origenistis

65 1991 194 2036 eripiat.
240 1993 407 2026 Jocularis
431 2006 512 2027 vero
538 2003 606 2034 est,
638 2004 672 2027 et
702 2004 740 2027 ut
765 1995 875 2028 verius
899 1995 1030 2040 loquar,
1053 1994 1196 2039 puerilis

66 2052 246 2087 Justiniani
270 2054 502 2095 hallucinatio,
529 2070 606 2089 cum
630 2058 788 2090 adversus
802 2056 958 2100 Origenis
983 2057 1196 2095 sententiam,

68 2127 153 2158 quae
184 2124 270 2149 asu-a
298 2116 429 2150 ratione
459 2118 613 2162 praedita
646 2131 715 2152 esse
740 2119 856 2162 fingit,
880 2118 1074 2162 disputans,
1106 2119 1194 2149 hunc

68 2176 168 2208 affert
202 2175 320 2210 Basilii
350 2176 465 2212 locum
496 2192 533 2212 ex
563 2180 692 2214 Homil.
717 2181 779 2213 111.
818 2181 852 2213 in
881 2181 1040 2213 Hexae'm.
1085 2179 1194 2223 Ἡμῖν

67 2238 109 2272 δὲ
144 2239 204 2272 καὶ
235 2238 326 2285 πρὸς
355 2240 436 2279 τοὺς
468 2241 542 2276 ἀπὸ
573 2244 634 2286 τῆς
671 2243 859 2286 ἐκκλησίας
894 2243 972 2276 ἐστί
1003 2254 1055 2279 τις
1089 2239 1195 2284 λόγος
