1422 2472
398 107 580 138 APomGtA
606 115 674 137 ruo
702 106 876 139 Omomss.
1134 106 1199 141 323

76 194 178 233 tueri,
215 208 251 227 ex
277 195 526 239 pulchritudine
552 208 708 240 operum,
745 205 776 226 ct
807 196 928 227 decore
962 204 1196 234 creaturarum,

74 265 244 300 parentem
269 256 491 290 universitatis
511 257 677 298 intelligit.
729 257 804 289 Non
838 270 914 298 ergo
946 270 1067 301 corpus
1083 259 1113 301 ¹)
1139 258 1198 290 ali-

74 318 177 362 quod,
201 328 258 358 aug
280 318 312 350 in
337 332 480 363 corpore
506 332 574 351 esse
605 319 770 363 putandus
804 328 850 350 est
876 319 987 358 Deus,
1019 319 1076 351 sed
1100 319 1198 352 intel-

74 378 223 411 lectualis
246 389 364 412 natura
387 380 544 424 simplex,
576 380 656 412 nihil
689 380 829 412 omnino
861 381 892 412 in
917 393 951 412 se
975 379 1197 425 adjunctionis

74 441 266 474 admittens:
297 442 346 473 uti
370 455 410 473 ne
437 441 539 488 majus
565 442 706 486 aliquid,
740 451 771 474 et
797 441 932 473 inferius
959 442 989 473 in
1018 454 1052 474 se
1078 442 1197 475 habere

74 502 245 542 credatur,
274 503 332 534 sed
364 513 399 536 ut
429 503 470 536 sit
496 517 533 536 ex
559 504 649 536 omni
675 513 768 548 parte
792 504 924 547 pomi„
950 513 993 543 et,
1018 514 1055 536 ut
1079 505 1123 537 ita
1148 505 1197 537 di—

74 576 156 603 cam,
182 563 274 603 ἑνὰς,
299 574 332 596 et
356 579 447 597 mens
471 568 553 608 ac2)
580 566 674 604 fons,
707 579 744 596 ex
769 577 835 609 quo
861 564 992 596 initium
1018 566 1121 598 totius
1146 568 1196 599 in·

73 625 274 658 tellectualis
304 636 455 666 naturae,
488 627 539 659 vel
572 626 690 658 mentis
722 635 779 658 est.
830 626 925 658 BIens
959 640 1037 658 vero
1064 637 1099 659 ut
1124 641 1197 660 mo-

74 696 189 719 ventur
212 688 265 719 vel
296 697 472 732 operetur,
508 701 575 721 non
606 688 733 730 indiget
764 688 842 719 loco
875 700 1059 732 corporeo,
1090 702 1197 734 neque

72 749 222 781 sensibili
247 750 491 791 magnitudine,
528 750 580 782 vel
612 748 781 793 corporali
813 749 943 788 babitu,
974 759 1030 782 aut
1066 751 1200 793 colon-(23

71 823 181 855 neque
204 810 272 842 alio
296 811 368 842 ullo
394 823 529 855 prorsus
554 810 679 852 indiget
709 811 847 849 horum,
879 823 962 854 quae
999 812 1151 856 corporis
1164 814 1197 857 ³)

75 872 126 903 vel
152 871 309 904 materiae
334 873 472 916 propria
487 882 572 905 sunt.
612 872 758 916 Propter
782 872 872 916 quod
897 882 1013 906 natura
1038 873 1096 906 illa
1121 874 1199 907 sim-

71 934 159 978 plex,
183 943 216 966 et
238 942 309 966 tota
333 947 442 973 mens,
472 944 509 966 ut
544 943 720 966 moveatur
752 934 804 966 vel
829 944 990 978 operetur
1013 935 1151 980 aliquid,
1166 937 1198 980 ⁴)

71 995 155 1027 nihil
180 995 350 1027 dilationis
374 1005 430 1027 aut
454 995 674 1028 cunctationis
699 997 819 1028 habere
844 1004 972 1040 potest,
989 1009 1029 1028 ne
1054 1011 1116 1041 per
1138 999 1199 1030 hu-

72 1057 218 1102 jusmodi
242 1057 490 1102 adjunctionem
523 1057 766 1096 circumscribi,
799 1057 850 1088 vel
872 1056 1016 1090 inhiberi
1040 1059 1199 1103 aliquate-

73 1133 133 1151 nus
160 1119 310 1151 videatur
334 1118 463 1150 divinae
489 1127 624 1150 naturae
647 1117 859 1162 simplicitas,
891 1118 939 1150 uti
964 1132 1005 1150 ne
1035 1121 1126 1163 quod
1151 1131 1199 1154 est

74 1180 275 1224 principium
301 1180 470 1219 omnium,
503 1179 727 1224 compositum
754 1179 941 1211 inveniatur
964 1189 996 1212 et
1022 1181 1199 1221 diversum,

75 1243 152 1286 et⁵)
175 1243 218 1274 sit
240 1241 358 1281 multa,
380 1254 448 1274 non
473 1255 587 1280 unum,
613 1242 704 1286 quod
730 1250 865 1285 oportet
889 1240 991 1273 totius
1016 1255 1199 1287 corporeae

74 1303 285 1336 admixtionis
309 1303 454 1336 alienum
478 1317 542 1336 una
569 1303 651 1342 sola,
676 1312 713 1335 ut
731 1303 775 1335 ita
796 1303 947 1342 dixerim,
972 1302 1102 1336 deitatis
1126 1318 1201 1349 spe-

75 1365 123 1398 cie
149 1374 330 1398 constare«

164 1426 438 1460 PAMPHILUS.
493 1426 583 1458 llaec
623 1426 655 1457 in
699 1425 809 1468 primo
848 1425 934 1456 libro
968 1430 1046 1470 περὶ
1081 1427 1201 1472 ἀρχῶν

76 1489 190 1522 scribit
220 1490 261 1521 de
294 1488 405 1520 divina
440 1496 566 1520 natura.
630 1488 663 1519 ln
693 1487 840 1519 secundo
874 1500 970 1526 vero,
1006 1489 1081 1532 quia
1110 1490 1197 1523 idem

74 1552 167 1584 Deus
191 1549 312 1582 veteris
336 1559 368 1581 et
391 1548 470 1580 novi
495 1548 701 1581 Testamenti
725 1549 775 1587 sit,
801 1548 864 1580 hoc
888 1550 993 1581 modo
1019 1551 1130 1584 refert.

77 1702 203 1736 nostri:
226 1704 336 1746 ipsum
357 1713 419 1745 per
442 1712 476 1732 se
500 1701 607 1743 ipsum
632 1700 756 1740 Deum,·
790 1699 846 1730 sed
881 1700 957 1732 Mss.
989 1700 1119 1746 (iteinq.
1146 1705 1196 1735 ed.

77 1747 221 1792 Redep.)
247 1747 365 1780 libror.
389 1750 469 1788 περὶ
495 1746 616 1789 (ιςιχῶν
634 1744 766 1783 rectius,
792 1754 827 1776 ut
846 1744 990 1777 videtur:
1017 1748 1122 1790 ipsum
1139 1761 1200 1792 per

76 1807 110 1827 se
131 1795 241 1838 ipsam
265 1793 383 1825 Deum.
407 1791 447 1823 R.

172 1848 203 1890 ¹)
227 1847 289 1880 Ed.
315 1847 444 1890 Redep.
470 1853 529 1879 aut
552 1856 682 1890 corpus.
777 1847 809 1885 ²)
837 1845 923 1877 Edd.
952 1846 997 1878 M.
1023 1855 1062 1880 et.

169 1905 203 1948 ³)
228 1902 320 1935 Editi
345 1904 391 1946 (v.
418 1915 446 1934 c.
471 1902 543 1933 edd.
572 1902 637 1945 M.)
662 1903 812 1945 corporis
839 1903 888 1934 rel
911 1905 1073 1946 propriae
1090 1913 1197 1938 mate—

81 1953 154 1983 riae
174 1950 318 1994 propria
340 1954 429 1981 sunt.
478 1947 545 1980 Sed
571 1960 686 1979 omnes
714 1948 790 1979 Mss.
818 1956 853 1978 ut
877 1946 907 1978 in
934 1956 1034 1980 textu.
1062 1949 1098 1982 R.

171 2005 205 2048 ⁸)
228 2004 315 2036 Edd.
341 2004 387 2036 M.
413 2003 564 2047 aliquid,
598 2005 774 2036 dilationis
799 2009 857 2035 cml
883 2005 1108 2038 cunctationis
1133 2008 1197 2039 laa—

84 2052 158 2083 bere
180 2056 285 2094 potest
310 2049 408 2089 nihil,
433 2062 473 2081 ne
499 2058 561 2081 etc.

123 2122 128 2125 ·
175 2106 207 2149 ⁵)
233 2105 358 2138 Omnes
382 2103 477 2148 hujus
501 2104 646 2148 Apolog.
673 2105 751 2138 Mss.
777 2111 806 2137 el
820 2106 849 2136 si
867 2106 984 2143 multa,
1010 2118 1076 2138 non
1099 2119 1201 2141 unum

83 2149 184 2195 quid,
216 2156 343 2194 oportet
375 2158 436 2182 etc.
483 2149 575 2181 Editi
606 2163 684 2182 vero
719 2151 766 2194 (v.
797 2162 824 2181 c.
850 2150 925 2181 edd.
953 2150 1034 2193 M),
1068 2160 1099 2183 vt
1126 2152 1201 2184 libri

82 2200 164 2238 περὶ
189 2195 310 2238 ἀρχῶν
338 2204 404 2226 tam
429 2194 510 2226 editi
545 2196 591 2238 (v.
619 2208 646 2228 c.
671 2195 723 2227 ed.
749 2195 895 2238 Redep.)
928 2207 1025 2238 quain
1060 2196 1138 2229 Mss.
1166 2207 1199 2229 ut

82 2254 143 2273 nos
167 2240 200 2273 iu
224 2249 324 2272 textu.
369 2238 525 2271 Judiccnt
562 2240 722 2280 lectores,
755 2253 838 2283 quae
872 2240 971 2272 lectio
1003 2240 1044 2272 sit
1076 2244 1202 2285 praese-

85 2287 228 2318 l'erenda.
255 2285 292 2316 R.

942 2346 980 2380 2³1
1001 2353 1014 2368 ¹*
