1422 2472
716 24 726 41 x

374 100 689 132 OfflGENmNonum
715 99 828 132 Lmen
847 99 908 132 111.
1144 97 1211 133 245

64 187 222 219 duntaxat
246 199 314 219 uno
342 200 419 220 cum
444 188 578 233 aliquot
601 188 772 221 mensibus
798 190 831 221 id
858 186 1005 220 muneris
1031 185 1201 219 Christum

63 247 185 281 obiisse
211 249 309 282 dicat.
358 248 441 281 Post
469 249 609 281 Arianae
634 251 810 283 haereseos
835 259 990 282 exortum
1022 247 1199 293 prodiisse,

62 317 95 340 et
131 309 171 341 ab
208 310 335 343 Ariano
373 310 510 355 quidem
546 310 649 344 fuisse
686 311 868 356 scriptum,
906 310 1081 343 manifeste
1116 309 1199 341 haec

61 370 239 404 evincunt:
279 371 378 404 »Tria
396 373 427 416 ¹)
452 385 577 405 cornua
601 373 682 405 fecit
706 372 862 405 diabolus
893 372 927 405 in
952 382 1072 419 typum
1095 380 1197 415 atque

59 431 200 473 figuram
230 433 418 479 trionymae
450 434 540 467 illius
570 444 698 474 sectae,
730 434 901 478 triumque
932 434 1087 466 Deorum
1121 433 1198 464 hae-

57 493 149 534 resis,
174 507 258 539 quae
283 495 476 528 universum
502 497 619 528 orbem
644 496 802 528 terracin
820 497 962 528 modum
980 496 1196 527 tenebrarum

57 554 221 599 replevit,
253 568 338 599 quae
364 557 516 597 Patrem,
549 567 583 590 et
607 558 755 597 Filium,
789 568 822 590 et
847 557 1013 602 Spiritum
1043 565 1195 589 sanctum

57 616 238 660 aliquando
264 626 422 661 tanquam
453 627 519 651 tres
549 618 653 659 colit,
683 632 904 663 nonunquam
936 631 1041 651 unum
1065 618 1195 657 adorat,

57 678 344 721 quemadmodum
369 679 578 713 Graecorum
604 680 715 721 lingua
738 689 956 720 memoratur,
980 679 1116 719 Triada,
1141 678 1194 710 vel

57 739 284 772 Homousion.
333 741 435 773 Istam
468 754 546 783 ergo
582 741 757 775 Trinitatis
785 751 931 782 sectam,
964 751 997 774 et
1029 740 1192 779 haeresin,

56 809 156 845 atque
187 791 421 835 infidelitatem
445 802 513 849 jam
547 803 631 836 olim
667 804 709 836 de
740 803 841 845 longe
875 803 1050 845 designans
1082 815 1194 834 versu-

55 861 201 894 tissimus
225 862 283 895 ille
309 863 483 904 diabolus,
515 864 578 897 tria
610 878 735 897 cornua
764 864 856 897 misit
886 865 928 897 ad
952 866 1019 897 Job
1053 865 1194 908 deprae-

55 924 212 958 dandum.
267 924 323 958 Sic
359 938 504 970 namque
539 926 638 958 etiam
678 939 767 960 nunc
800 936 986 960 memorata
1024 926 1193 971 trionyma

54 986 197 1019 haeresis
221 987 418 1031 praesertim
443 988 626 1032 praedatur
652 997 751 1032 atque
785 997 951 1033 expugnat
978 986 1189 1020 ecclesiam.«

53 1048 193 1081 Luciani
216 1048 370 1094 martyris
396 1062 472 1081 cum
489 1050 590 1082 laude
614 1049 778 1090 meminit,
804 1049 959 1093 Origenis
979 1048 1193 1094 temporibus

55 1110 165 1142 multo
190 1109 403 1142 recentioris:
433 1112 499 1144 »lta
514 1112 546 1154 ²)
573 1120 822 1143 consummatus
841 1121 900 1151 est,
926 1110 1048 1155 inquit,
1073 1111 1191 1142 beatus

55 1181 154 1216 atque
186 1171 353 1214 gloriosus
384 1172 565 1212 Lucianus,
600 1171 731 1204 lucidus
765 1171 849 1211 vita,
886 1172 1018 1204 lucidus
1050 1180 1083 1204 et
1112 1171 1192 1211 fide,

55 1233 188 1265 lucidus
213 1232 311 1265 etiam
337 1234 536 1266 tolerantiae
562 1232 865 1266 consummatione.
916 1233 971 1266 Ob
1002 1233 1067 1265 hoc
1101 1232 1191 1265 enim

53 1294 220 1327 Lucianus
247 1295 501 1337 cognominatus
527 1305 592 1336 est,
618 1304 776 1339 tanquam
800 1294 944 1333 lucidus,
969 1304 1025 1327 aut
1047 1294 1191 1339 proprio

53 1357 180 1389 lumine
205 1356 268 1389 sibi
292 1356 436 1398 fulgens,
460 1365 517 1389 aut
542 1356 615 1389 aliis
640 1357 766 1388 lucens.
813 1356 878 1388 Hie
901 1369 1047 1401 namque
1072 1358 1190 1389 beatus

54 1418 236 1452 duodecim
269 1418 386 1451 diebus
417 1431 517 1463 supra
548 1427 647 1450 testas
684 1418 850 1462 pollineas
883 1428 1054 1458 extensus,
1092 1418 1191 1451 tertia

53 1481 184 1514 decima
207 1481 262 1512 die
288 1489 336 1512 est
361 1489 621 1518 consummatus,
646 1479 771 1524 aliique
796 1479 964 1512 innumeri
981 1480 1084 1513 sancti
1105 1494 1192 1513 mar-

54 1553 142 1589 tyres
157 1542 279 1575 eodem
303 1542 409 1573 modo
435 1551 581 1574 mortem
607 1551 815 1574 transeuntes
834 1543 1058 1575 consummati
1079 1552 1186 1575 sunt.«

52 1605 102 1638 Ex
125 1604 246 1649 quibus
271 1603 466 1648 conjectura
491 1604 599 1636 ducor
624 1603 665 1635 ad
691 1603 929 1647 suspicandum
956 1604 1068 1649 operis
1093 1604 1191 1650 hujus

52 1676 228 1700 auctorem
254 1678 292 1697 ex
317 1677 357 1697 eo
384 1676 454 1696 esse
478 1677 598 1705 genere
617 1664 833 1705 Arianorum,
860 1666 917 1710 qui
935 1666 1074 1699 Luciani
1091 1666 1189 1699 disci-

52 1729 153 1774 pulos
177 1740 249 1760 sese
272 1725 531 1772 profitebantur,
559 1735 591 1758 et
609 1726 818 1759 Lucianistae
843 1727 910 1760 dici
935 1729 1100 1762 amabant.
1133 1729 1188 1761 De

53 1790 103 1822 his
134 1789 182 1822 ita
204 1787 414 1833 Epiphanius
439 1787 539 1820 Haer.
565 1787 616 1822 76.
645 1801 718 1832 cap.
741 1788 772 1823 3.
824 1791 867 1823 Οἱ
895 1790 966 1834 μὲν
989 1791 1061 1835 γὰρ
1087 1788 1189 1826 ἄλλοι.

54 1854 125 1887 τῶν
146 1852 343 1898 Ἀρειανῶν
366 1852 439 1884 τῶν
471 1849 545 1885 ἀπὸ
570 1854 783 1885 Λουκιανοῦ
812 1864 864 1894 τε,
899 1855 958 1884 καὶ
981 1851 1190 1897 Ὠριγένους

54 1912 241 1958 λαβόντων
265 1911 331 1955 τὴν
364 1909 572 1958 πρόφασιν,
607 1909 797 1958 γεγονότες
821 1912 900 1959 ἅμα
922 1912 1087 1959 Ἀστερίῳ
1121 1920 1190 1949 τινὶ

57 1975 130 2010 ἀπὸ
158 1977 345 2020 σοᾳισιῶν
381 1971 455 2009 ὄντι
491 1973 682 2009 ἐκπεσόντι
719 1988 753 2009 τε
793 1976 832 2008 ἐν
868 1977 915 2019 τῷ
954 1976 1105 2020 διωγμῷ
1140 1980 1188 2022 τῷ

57 2039 117 2072 ἐπὶ
151 2038 388 2082 ΝΙαξιμιανοῦ
423 2035 600 2081 γεγονότι.
665 2035 886 2080 Quapropter
916 2036 1030 2068 Ariani
1068 2037 1192 2071 deinde

58 2098 264 2131 Lucianistae
288 2098 471 2142 nuncupati
496 2107 584 2139 sunt,
608 2107 645 2130 ut
669 2108 809 2142 apparet
827 2111 864 2129 ex
884 2098 994 2131 Mario
1012 2099 1190 2135 Victorino

157 2227 187 2270 ¹)
216 2226 285 2257 Csr.
311 2225 368 2259 lib.
389 2227 409 2258 l.
436 2240 509 2270 pag.
533 2228 610 2262 870.
638 2227 705 2259 col.
731 2228 762 2261 2.
788 2241 826 2259 ex
853 2227 906 2259 ed.
933 2227 1046 2260 Ruaei.

155 2282 188 2324 2)
218 2280 287 2313 Csr.
314 2281 371 2314 lib.
394 2283 435 2314 Η.
461 2295 534 2326 Ρᾶς,
558 2282 635 2318 855.
663 2284 729 2317 eol.
753 2284 786 2318 2.
814 2297 851 2315 ex
878 2283 931 2315 ed.
959 2285 998 2316 R.
