1413 2482
192 102 257 140 102
529 101 641 136 Psrm
666 101 840 135 omnus
863 100 995 136 flue-ru

191 206 333 238 anceps,
366 206 426 225 nec
451 205 514 237 per
538 191 714 224 ecclesiam
739 199 795 223 aut
819 189 1019 236 pontificem
1043 198 1159 235 aperte
1186 189 1334 229 definita,

193 257 235 289 de
253 255 411 298 Origenis
436 254 590 287 doctrina
616 262 647 286 et
673 262 812 286 auctore
838 251 990 298 ejusdem
1015 250 1050 284 in
1072 252 1224 285 favorem
1248 252 1335 284 bene

193 330 311 363 sapere
343 326 377 350 et
401 315 646 359 dogmatizare,
678 328 777 360 quam
807 327 1008 360 pcrperam;
1039 322 1073 347 et
1102 313 1137 346 in
1161 326 1336 348 commen-

195 379 307 412 dando
334 379 512 419 excedere,
537 391 637 423 quam
662 377 806 411 delicere
831 390 849 410 a
873 377 973 410 laude
997 375 1062 410 sibi
1086 375 1218 410 dehita:
1240 388 1338 422 prae-

194 440 311 475 sertim
342 440 370 474 si
408 440 441 474 in
473 441 617 475 alterum
647 440 761 474 venire
794 449 989 485 oporteat.«
1043 438 1222 473 Secundus
1250 437 1339 472 liber

194 516 320 537 novem
354 503 608 549 propositiones
642 516 681 536 ex
706 503 876 549 Apologia
900 501 1042 537 Merlini
1072 502 1113 535 ab
1144 500 1251 547 ipsius
1281 501 1339 535 ad·

195 564 348 600 versariis
374 574 546 612 excerptas
571 574 605 599 et
635 564 854 611 reprehensas
886 564 1048 599 defendit.
1096 563 1234 598 Tertius
1258 562 1339 598 Ori-

195 627 288 671 genis
312 627 415 661 vitam
439 637 473 662 et
504 628 615 671 elogia
648 640 686 661 ex
709 627 878 669 Eusebio,
903 626 1134 674 Hieronymo,
1157 625 1340 666 Nauclero,

199 700 232 724 et
256 690 448 724 'l'rithemio
475 691 666 737 depromit:
700 691 821 736 quibus
845 689 997 736 subjecta
1021 698 1071 723 est
1093 687 1272 734 responsio
1296 687 1340 720 ad

197 752 352 795 dialogos
376 753 530 795 Massaei,
555 762 589 786 et
610 752 837 786 additationcs
860 752 986 786 Bedae.
1035 752 1074 784 In
1098 749 1149 784 his
1171 748 1340 784 Mei-linus

196 828 266 848 non
290 824 358 848 tam
385 828 424 848 ex
447 816 514 848 fide
541 815 701 849 historiae
726 810 761 848 ct
771 814 976 848 testimoniis
992 813 1222 858 antiquorum,
1240 825 1340 858 quam

199 879 364 911 contortis
386 878 601 923 sophismatis
626 888 660 912 et
683 878 820 921 argutiis
845 878 888 910 de
910 877 1026 910 schola
1050 876 1220 910 velitatur.

288 940 383 973 XXI.
421 940 599 975 Praeclare
623 941 725 974 etiarn
749 941 810 974 hac
834 949 946 974 aetate
971 940 1013 972 de
1028 939 1177 982 Origene
1200 938 1341 972 meritus

198 1012 248 1035 cst
272 1002 470 1036 Desiderius
493 1003 670 1046 Erasmus3
693 1017 771 1037 nam
797 1013 829 1036 et
854 1002 1188 1037 Commentariorum
1212 1000 1284 1048 ejus
1307 1000 1342 1034 in

198 1065 410 1098 matthaeum
433 1076 564 1110 partem
587 1067 735 1112 aliquam
760 1065 865 1099 latino
889 1077 1046 1099 sermone
1069 1064 1206 1104 retulit,
1235 1072 1270 1097 et
1294 1063 1342 1096 vi-

198 1136 268 1160 tam
292 1127 397 1172 ipsius
421 1128 574 1173 scripsit,
599 1141 636 1161 ac
661 1128 778 1161 laudes
799 1136 1000 1173 prosecutus
1026 1135 1092 1168 est,
1123 1135 1156 1160 et
1180 1126 1223 1160 de
1246 1126 1343 1159 lucu-

198 1189 429 1231 brationibus,
461 1191 572 1236 deque
603 1191 815 1232 eruditione,
846 1205 883 1224 ac
912 1189 1060 1224 docendi
1091 1188 1222 1223 ratione
1253 1188 1341 1222 arhi-

199 1252 304 1285 trium
329 1252 426 1294 tulit;
450 1266 468 1286 a
493 1254 658 1296 dogmatis
683 1264 796 1288 autem
820 1267 938 1287 manus
963 1251 1137 1294 abstinuit,
1159 1260 1284 1294 morte,
1306 1251 1342 1285 ni

199 1315 321 1355 fallor,
358 1325 578 1360 praeventus,
613 1329 700 1361 quae
734 1330 802 1362 quo
834 1316 945 1349 minus
977 1324 1168 1360 susceptam
1205 1327 1342 1361 quoque

202 1377 489 1419 Origeniauorum
506 1379 659 1423 Operum
679 1379 865 1412 editionem
890 1388 923 1412 et
940 1389 1114 1411 censuram
1137 1377 1343 1420 absolveret,

202 1448 235 1472 et
262 1438 419 1481 Origenis
451 1440 658 1474 adversarios
683 1441 875 1482 refelleret,
907 1439 1155 1486 impedimento
1180 1439 1255 1473 fuit.
1303 1439 1342 1472 ln

202 1514 239 1534 ca
263 1515 388 1547 porro,
419 1514 504 1548 quae
530 1506 652 1543 exsta't,
685 1517 843 1537 censurae
867 1512 964 1549 parte
987 1502 1163 1548 antiquum
1184 1500 1343 1536 Erasmus

202 1564 361 1604 obtinuit,
386 1577 438 1598 res
462 1578 531 1598 non
553 1565 632 1599 satis
656 1575 809 1599 accurate
833 1574 1026 1611 perspectas
1049 1563 1230 1610 praecipiti
1254 1564 1343 1612 judi-

201 1626 254 1659 cio
294 1626 500 1672 disceptans,
536 1637 569 1661 ct
605 1620 825 1673 disceptando
862 1639 1102 1672 nunnunquam
1141 1625 1340 1672 impingens.

203 1691 430 1734 Sunnuopcrc
462 1676 598 1724 interini
631 1691 815 1734 origenem
845 1691 1060 1723 aversabatur
1082 1687 1250 1722 Martinus
1273 1690 1342 1723 Lu-

202 1752 333 1792 iherus,
366 1752 459 1798 cujus
493 1768 530 1787 ca
555 1767 620 1787 vox
650 1753 732 1787 suit:
778 1753 983 1795 »Origenem
1014 1751 1080 1798 jam
1105 1752 1235 1785 dudum
1261 1753 1341 1786 diris

202 1815 364 1847 devm-Lu
415 1816 479 1849 Cui
506 1817 647 1850 subinde
681 1817 902 1861 adstipulatus
934 1823 982 1848 est
1013 1814 1218 1849 Theodorus
1241 1815 1341 1857 Beza,

203 1890 279 1909 cum
304 1878 466 1911 sexcentis
500 1880 585 1913 locis
610 1879 878 1913 Annotationum
901 1877 1070 1924 majorum
1104 1877 1137 1910 in
1162 1877 1341 1923 epistolam

201 1941 244 1974 ad
269 1940 459 1980 Romanos,
484 1952 556 1975 tum
579 1942 724 1975 maxime
748 1942 809 1975 sub
834 1941 945 1987 ipsum
970 1940 1121 1981 initium,
1145 1939 1341 1974 foedissima

202 2003 403 2036 Adam-intio
428 2004 581 2046 stigmata
604 2005 754 2038 inurens:
801 2005 949 2049 »Neque
975 2016 1073 2043 vero,
1103 2001 1233 2048 inquit,
1263 2015 1340 2036 cum

200 2067 282 2099 haec
314 2066 408 2106 dico,
442 2068 621 2112 quicquam
647 2068 727 2101 volo
751 2068 891 2100 Patrum
923 2064 1114 2099 auctoritati
1145 2065 1339 2110 detrahere:

200 2129 260 2162 sed
282 2141 360 2162 sane
386 2130 478 2174 quod
503 2130 545 2162 ad
569 2143 623 2163 me
648 2130 778 2172 attinet,
803 2129 984 2172 origenem
1001 2140 1070 2161 non
1087 2140 1228 2173 possum
1249 2129 1340 2161 bona

203 2190 406 2224 conscientia
422 2191 510 2225 inter
534 2205 591 2225 eos
615 2192 731 2226 Patres
759 2192 938 2231 collocare,
965 2204 1050 2236 quos
1077 2190 1178 2224 velim
1202 2189 1337 2224 imitari.

201 2254 320 2298 ltaque
348 2267 417 2287 non
442 2254 585 2299 pudebit
616 2254 706 2287 illius
739 2265 845 2289 errata
873 2253 997 2300 passim
1024 2253 1199 2294 refellere,
1227 2252 1336 2289 nullo,

201 2316 262 2363 (ita
285 2330 340 2351 me
372 2318 457 2355 benc
482 2317 576 2352 Deus
601 2326 688 2351 amet
699 2318 724 2366 ,)
751 2319 962 2354 obtrectandi
991 2316 1124 2354 studio:
1160 2315 1219 2352 sed
1244 2316 1336 2365 quod
