1413 2482
188 65 253 102 392
515 66 548 98 S.
576 66 749 99 Pam-mu
783 66 971 100 MAnTxms

188 163 261 188 rent
285 154 362 199 quia
386 168 506 199 corpus
531 156 584 188 vel
609 169 740 189 carnem
766 156 890 190 Christi
922 168 1026 200 usque
1057 156 1098 188 ad
1128 155 1235 188 solem
1260 156 1309 188 ‹li-

189 217 233 249 eit
263 225 428 256 evectam,
460 226 494 249 et
523 218 570 250 ibi
602 231 671 251 esse
703 217 905 251 derelictam.
954 217 1029 250 Hoc
1062 217 1150 250 enim
1179 216 1238 250 ille
1269 217 1310 249 ab

190 277 260 310 aliis
285 278 423 319 (lictum,
448 292 515 311 non
540 289 630 313 recte
654 280 780 313 dictum
806 291 876 312 esse
900 280 1061 312 confutat.
1109 279 1178 313 Sed
1202 288 1312 311 osten-

188 340 307 372 derunt
330 352 364 372 se
391 353 431 372 ne
455 341 535 374 haec
559 343 695 387 quidem
720 342 908 384 intelligere
931 340 1080 386 potuisse
1105 341 1310 373 obtrectato-

187 414 237 434 res
262 400 349 447 ejus,
380 415 464 447 quae
496 403 555 436 ille
585 405 626 436 ab
658 404 730 437 aliis
762 417 829 437 non
863 413 952 436 recte
977 404 1064 436 dicta
1089 402 1254 445 coarguit,
1278 411 1311 434 et

185 475 268 507 quae
292 473 367 497 sunt
397 477 481 509 quae
511 466 582 510 ipse
618 466 803 499 confirmat.
857 466 946 498 Tum
975 464 1097 498 deinde
1128 463 1229 497 etiam
1259 463 1310 496 ini

185 524 427 569 impudentiam
451 538 543 559 suam
567 527 758 568 retundant,
783 527 841 573 qui
863 527 981 560 dicunt
997 539 1074 559 eum
1095 538 1218 570 corpus
1239 524 1311 570 qui·

186 586 262 618 dem
292 600 462 630 resurgere
487 588 656 629 confiteri,
687 602 819 622 carnem
859 601 939 622 vero
971 600 1101 630 negare,
1149 586 1310 620 Desinant

184 647 363 692 aliquando
388 663 406 682 a
429 649 636 690 maledictis,
668 650 818 684 videntes
850 663 926 682 eum
958 662 1090 682 carnem
1115 648 1217 682 Verbi
1242 648 1309 681 Dei

184 722 258 741 cum
283 710 356 754 ipso
383 712 495 743 Verbo
520 711 595 743 Deo
624 711 656 744 in
672 713 703 755 ')
728 711 837 753 coelo,
862 725 930 756 quo
955 712 1103 744 Verbum
1127 710 1309 749 adsccndit,

184 771 370 816 imponere.

273 833 332 867 His
366 835 535 880 conjungit
566 836 607 868 de
644 835 818 880 suppliciis
854 844 1091 880 peccatorum,
1129 847 1213 879 quae
1248 847 1308 866 nos

188 908 318 940 quoque
342 897 583 942 consequenter
607 898 647 929 ad
673 909 730 936 ea,
761 909 844 940 quae
868 909 968 941 supra
992 896 1081 930 dicta
1103 906 1196 936 sunt,
1228 909 1309 928 con-

183 958 411 1003 iungimusff)
435 959 592 1004 quoniam
618 959 651 991 in
676 959 792 991 ordine
818 958 1090 991 criminationum
1115 958 1176 991 iste
1200 959 1306 991 suerat

183 1021 269 1053 ordo
298 1020 451 1062 digestus.

305 1264 418 1296 Altera
441 1264 614 1308 responsio
641 1265 680 1295 ad
704 1263 879 1307 septimam
904 1260 1180 1293 criminationem.

490 1342 526 1385 C
565 1346 604 1384 A
643 1346 670 1383 P
710 1343 749 1384 U
786 1343 821 1382 T
885 1340 993 1381 VIII.

390 1433 454 1464 De
495 1432 683 1476 poe-'nis
726 1439 1084 1475 peccatorum.

443 1511 492 1543 Ex
517 1511 604 1543 libro
629 1509 776 1555 secunde
801 1510 884 1553 περὶ
905 1507 1041 1552 ἀρχῶν.

269 1589 513 1623 ORIGENES.
565 1590 654 1632 »Ego
668 1589 702 1633 ³)
726 1587 888 1626 arbitror,
925 1586 1018 1631 quod
1049 1586 1133 1618 sicut
1163 1586 1196 1618 in
1229 1598 1301 1618 cor-

178 1664 262 1695 pore
286 1664 379 1686 escae
403 1651 620 1692 abundantia,
647 1660 679 1684 et
703 1649 861 1695 qualitas,
885 1658 917 1681 et
941 1647 1105 1692 quantitas
1130 1646 1196 1679 cibi
1221 1660 1298 1680 con-

176 1713 293 1753 traria,
323 1714 432 1747 febres
459 1724 608 1756 generat,
641 1723 672 1745 et
703 1713 811 1745 febres
836 1709 957 1743 diversi
982 1709 1035 1741 vel
1053 1707 1086 1752 ⁴)
1110 1708 1221 1749 modi,
1247 1710 1299 1742 vel

177 1826 306 1846 carnem
331 1814 453 1847 Christi
476 1827 580 1859 usque
604 1815 645 1847 ad
668 1814 774 1847 solem
800 1820 958 1850 vectam,«
985 1809 1042 1854 (al.
1061 1813 1210 1853 vectari)
1235 1820 1297 1844 etc.

180 1860 307 1893 Omnes
332 1872 411 1891 vero
439 1859 516 1892 Mss.
542 1869 579 1891 ut
602 1860 635 1891 in
659 1868 776 1891 nostro
803 1866 905 1889 textu.
929 1856 957 1888 R

269 1916 300 1960 ¹)
324 1916 413 1949 Edd.
429 1916 476 1949 M.
497 1915 549 1947 »in
564 1915 709 1954 coelum,
722 1926 788 1959 quo
803 1914 941 1945 verbum
956 1911 1221 1953 deiadscendit,·‹
1233 1922 1295 1945 etc.

266 1972 301 2015 2)
324 1972 411 2005 Edd.
436 1972 486 2005 Μ.
512 1966 802 2016 »εοιήιιη3οιῃυ3 ὲι

266 2028 300 2072 ³)
327 2027 489 2061 Desumta
512 2037 588 2060 sunt
613 2029 692 2060 haec
717 2028 817 2059 verba
849 2038 887 2058 ex
919 2025 1150 2070 1ῑ1).11.περὶ
1174 2024 1297 2069 ἀωχῶν

238 2074 314 2107 X.
346 2087 435 2107 num.
461 2074 517 2106 lV.
565 2073 634 2105 Csr
674 2073 725 2106 ed.
765 2071 1015 2115 Redepcnning.
1056 2083 1128 2115 pag.
1153 2069 1229 2104 228.
1254 2088 1295 2094 -·

174 2120 236 2152 hd.
262 2119 388 2163 Redep.
438 2119 502 2151 »Et
530 2118 675 2150 arbitror
705 2118 816 2162 quod«
851 2126 912 2151 eto.
960 2116 1044 2148 Edd.
1079 2128 1158 2148 vero
1192 2116 1238 2149 Μ.
1263 2115 1296 2148 in

174 2178 264 2209 seqq.
291 2174 345 2197 »et
370 2164 525 2208 qualitas,
550 2164 602 2195 ve!
628 2163 789 2208 quantitas
817 2162 882 2195 cibi
907 2160 1087 2201 centraria,
1109 2161 1219 2193 febres
1242 2173 1296 2202 ge-

174 2219 298 2250 nciam,
322 2218 353 2242 et
378 2211 505 2243 lebres«
533 2219 594 2242 etc.

264 2266 297 2310 ⁴)
322 2266 425 2300 Deest
452 2265 544 2299 uvel«
572 2265 604 2298 in
631 2265 679 2298 ed.
707 2265 830 2308 Redepv
