1413 2482
190 108 236 142 &5
530 113 642 146 Perat
668 113 841 147 omnus
867 112 997 146 Huss‘ru

192 198 376 232 acerbitate
409 209 441 232 et
472 200 650 247 iniquitate
683 202 929 248 respi1·arunt.«
992 202 1029 235 id
1064 203 1289 245 fragmentum
1319 216 1336 235 e

196 258 264 293 vita
299 261 407 294 Sabae
438 262 472 294 in
502 265 648 309 septima
679 264 810 311 synodo
847 265 922 296 Act.
950 263 978 297 1.
1010 263 1198 297 adducitur.
1253 263 1336 296 Post

195 333 301 355 annos
326 335 407 356 vero
434 326 604 368 octoginta
629 339 731 372 quam
762 326 910 372 synodus
939 324 998 358 illa
1029 325 1145 370 quinta
1168 326 1335 358 celebrata

197 393 258 425 est,
289 385 330 417 ad
364 386 519 428 Sergium
555 387 973 432 Constantinopolitanum
1002 387 1226 433 patriarcham
1254 387 1337 421 scri-

195 446 278 478 bens
306 447 520 492 sophronius
545 448 875 496 Hierosolymitanus
899 450 1034 483 antistes
1067 450 1109 483 de
1141 463 1178 483 ea
1203 449 1249 483 sic
1273 449 1339 482 dis-

196 508 295 542 serit:
331 509 488 557 Ἀναιρεῖ
511 513 550 547 δὲ
578 514 638 546 καὶ
663 513 819 556 ἐκρίπτει
847 511 938 558 πρὸς
963 509 1120 559 ὄλεθρον
1144 509 1337 558 πρωτοτό-

197 584 275 610 πως
298 572 368 615 μὲν
389 571 582 619 Ὠριγένην
616 573 679 609 τὸν
711 572 878 621 ἄφρονα,
917 577 977 609 καὶ
1010 573 1132 609 πάντα
1158 573 1270 608 αὐτοῦ
1295 571 1336 607 τὰ

197 632 372 679 ὀνειρώδη
397 635 664 681 κομψεὺμκια,
701 639 761 671 καὶ
793 638 1010 675 volando&
1035 636 1200 681 ἀσεβείας
1223 633 1341 680 πλήρη

199 696 496 742 συγγράμματα,
522 699 710 744 Εὐαγριόυ
735 699 775 734 δὲ
799 698 869 741 σήν
894 698 990 743 αὐτῷ
1016 701 1075 732 καὶ
1101 696 1271 742 Διδύμου
1296 694 1339 730 τὰ

199 755 383 805 δόγματα,
411 763 473 794 καὶ
499 759 621 796 πάντα
645 761 765 795 αὐτῶν
790 760 832 795 τὰ
853 759 1046 803 Ἑλληνικὰ
1070 762 1131 794 καὶ
1145 756 1338 804 τερατώδη,

200 819 242 855 οὐ
272 819 348 866 μὴν
380 821 471 857 ἀλλὰ
509 826 571 857 καὶ
608 812 771 868 μυθώδη.
802 822 1003 869 ληρήμαῖα.
1061 822 1219 855 Testatur
1249 820 1341 854 idem

200 883 351 929 synodus
382 895 470 918 sexta
505 887 579 919 Aet.
614 886 665 921 17.
698 895 731 918 et
757 885 810 920 18.
845 884 1004 918 Testatur
1036 893 1069 917 et
1099 883 1342 917 Constantinus

199 943 389 990 imperator
418 946 450 978 in
481 947 608 981 Edicto
640 949 681 980 ad
713 947 882 993 populum
915 945 1085 980 Occiduas
1110 955 1222 991 partes
1246 945 1342 978 inco-

200 1006 345 1041 lentem:
371 1017 405 1041 et
429 1009 498 1041 Leo
524 1010 566 1042 II.
607 1010 783 1043 Romanus
807 1008 961 1053 pontifex
994 1008 1028 1040 in
1059 1007 1157 1053 epist.
1183 1008 1224 1040 ad
1251 1007 1342 1041 Con-

199 1069 401 1103 stantinum:
428 1083 512 1116 quae
537 1071 736 1116 scriptiones
762 1071 848 1103 duae
872 1070 960 1103 inter
984 1071 1066 1102 Acta
1082 1068 1232 1103 Concilii
1255 1069 1342 1115 ejus-

201 1132 279 1164 dem
311 1132 394 1165 sexti
428 1133 603 1167 habentur.
657 1133 817 1166 Testatur
856 1142 889 1165 et
920 1132 1202 1179 pseudosynodus
1233 1131 1344 1176 quini-

199 1203 292 1226 sexta
316 1195 396 1228 Can.
424 1194 467 1235 1.,
492 1205 525 1228 et
546 1195 729 1243 synodicae
752 1195 871 1227 literae
896 1193 1075 1228 Theodori
1097 1193 1344 1240 Hierosolymi-

198 1255 288 1296 tani‚
321 1269 406 1301 quae
430 1258 587 1291 recitatae
611 1268 689 1291 sunt
715 1258 859 1291 Actione
884 1256 915 1292 3.
946 1257 1068 1303 synodi
1098 1256 1280 1301 septimae;
1311 1265 1344 1289 et

201 1318 346 1362 epistola
385 1319 513 1352 Tan-asii
553 1319 706 1365 episcopi
747 1318 1136 1362 Constantinopolitani,
1169 1318 1343 1363 totiusque

201 1381 288 1412 adeo
313 1381 434 1426 synodi
460 1381 625 1425 septimae
655 1382 697 1413 ad
731 1381 989 1415 Constantinum
1022 1389 1055 1412 et
1086 1380 1224 1420 irenen,
1257 1393 1342 1425 quae

202 1451 307 1475 exstat
336 1442 371 1475 in
402 1443 545 1476 Actione
571 1443 601 1477 7.
637 1443 783 1477 Concilii
815 1441 983 1488 ejusdem;
1014 1451 1047 1474 et
1077 1441 1269 1475 Anastasius
1293 1442 1344 1475 bi·

201 1504 447 1539 bliothecarius
497 1505 539 1538 ad
583 1507 708 1538 annum
748 1504 930 1544 ,Iustiniani
970 1503 1170 1553 vigesimum
1201 1513 1342 1537 sextum.

202 1567 296 1600 Hace
318 1567 365 1600 ita
388 1566 566 1600 manifesta
588 1576 676 1609 sunt,
701 1577 739 1600 ut
763 1579 866 1600 nemo
892 1574 1009 1599 contra
1028 1566 1082 1598 vel
1099 1566 1265 1611 excipere,
1291 1567 1343 1599 vel

200 1629 431 1674 praescribere
455 1630 573 1675 possit.

295 1691 402 1735 Quod
425 1693 468 1725 ad
491 1691 692 1725 Facundum
717 1701 830 1725 autem
857 1701 889 1725 et
904 1691 1080 1726 Victorem
1103 1691 1262 1737 pertinet,
1285 1704 1346 1736 pa-

201 1768 278 1787 rum
304 1763 394 1787 certe
420 1755 532 1787 valere
557 1755 659 1788 debet
683 1754 841 1798 negativi,
865 1764 902 1787 ut
919 1763 1050 1794 vocant,
1075 1753 1263 1797 argumenti
1287 1767 1345 1786 au-

203 1817 357 1857 ctoritas,
396 1830 473 1849 cum
509 1815 762 1863 mczaqanmiv
796 1826 1032 1859 argumentum
1070 1816 1103 1849 in
1142 1815 1344 1849 contrariam

200 1889 334 1924 partem
358 1880 510 1912 affertur.
560 1880 642 1911 Acta
674 1892 755 1911 vero
784 1878 934 1913 Concilii
966 1892 1025 1911 cur
1055 1879 1097 1911 de
1121 1876 1279 1919 „Origene
1303 1877 1346 1910 si-

203 1942 311 1981 leant,
336 1941 419 1974 mihi
444 1941 515 1974 veri
540 1942 674 1974 videtur
697 1941 881 1986 persimilis
905 1955 922 1973 a
947 1939 1098 1973 Baronio
1124 1939 1223 1971 allata
1247 1938 1344 1977 ratio,

202 2003 358 2036 mutilata
392 2017 429 2036 ea
463 2013 496 2035 et
521 2013 673 2036 truncata
698 2003 810 2038 fuisse.
856 2003 954 2036 Facti
978 2011 1132 2034 auctores
1157 2000 1346 2044 suspicatur

201 2065 261 2098 ille
287 2065 505 2108 Origenistas,
530 2065 588 2110 qui
612 2067 743 2112 synodo
769 2066 999 2111 praefuerunt,
1023 2062 1347 2117 EutychiumlCon-

201 2127 541 2172 stantinopolitanum
557 2128 793 2172 patriarcham,
819 2128 876 2172 qui
898 2139 974 2159 cum
997 2126 1104 2158 carnis
1125 2124 1346 2158 resurrectio>

203 2204 281 2223 nem
305 2199 385 2223 tunc
408 2203 479 2222 non
502 2190 714 2230 admitteret,
749 2191 868 2235 (quem
904 2199 1015 2221 tamen
1046 2201 1196 2220 errorem
1227 2196 1345 2232 postea

204 2253 363 2295 Gregorii
389 2253 510 2297 Papae,
535 2253 599 2284 hoc
625 2262 778 2296 tempore
805 2252 838 2285 S.
864 2252 907 2284 R.
931 2251 970 2284 E.
997 2251 1131 2284 diaconi
1157 2259 1188 2283 ct
1214 2249 1346 2294 apocri-

205 2315 293 2348 siarii
325 2328 423 2348 suasu
456 2313 625 2360 ejuravit,)
657 2314 779 2347 merito
814 2314 847 2347 in
881 2312 1084 2356 origenismi
1117 2311 1344 2356 suspicionem
