1422 2472
357 113 670 146 OmGENIANORUM
698 112 812 146 Lmen
838 113 881 145 ΙΙ.
1150 111 1191 145 13

56 203 238 248 repetenda
265 212 322 237 est.
371 203 610 236 consentiente
636 202 669 235 in
691 201 847 244 Origenis
872 201 987 234 laudes
1011 209 1086 233 toto
1111 214 1190 245 pro-

55 265 242 308 pemodum
267 266 368 304 orbe,
402 264 560 306 contigit,
593 274 628 296 ut
663 263 818 296 nonnulli
852 263 981 304 egregia
1006 262 1076 307 ejus
1102 264 1189 295 dicta

55 327 209 371 factaque
234 340 297 370 pro
324 326 444 358 merito
470 326 690 365 demirantes,
723 325 826 370 ipsius
851 325 949 357 etiam
976 337 1107 356 errores
1131 337 1188 368 pa-

53 401 128 421 rum
153 389 339 433 prudenter
361 396 546 426 tuerentur,
569 387 686 419 studiis
712 387 778 419 suis
803 386 973 418 moderari
988 385 1188 426 nescientes,

54 449 261 494 Origenique
293 458 384 481 recte
415 447 573 480 sentienti
602 449 857 489 adhaerescere,
884 449 1006 480 erranti
1030 448 1186 480 nuntium

52 515 235 545 remittere.
282 510 369 542 Hinc
393 509 519 553 duplex
544 509 671 553 prodiit
692 509 956 551 Origenistnrum
981 522 1094 550 genus,
1120 510 1188 543 Or-

53 575 293 611 thodoxorum,
317 581 350 603 et
373 571 683 604 Heterodoxorum.
734 571 823 602 lnter
844 571 1063 603 Ortliodoxos
1087 571 1187 615 poni-

53 649 144 674 mus,
180 634 237 679 qui
268 632 422 679 proxime
455 632 582 664 laudati
613 642 708 672 sunt,
741 631 882 673 origeni
916 644 1044 664 summa
1071 632 1185 664 omnia

52 696 182 730 calculo
207 709 267 728 suo
293 694 491 734 tribuentes,
515 696 555 726 ab
580 693 650 739 ejus
676 695 728 726 vel
752 693 972 732 discedentes,
998 694 1052 725 vel
1076 693 1185 725 disce·

51 761 130 792 dere
154 767 289 802 paratos
315 756 623 795 erroribus,‚simul
647 765 748 800 atque
773 755 913 787 fuissent
937 756 1125 799 perspecti,
1151 764 1184 789 et

48 822 90 853 ab
115 820 257 853 ecclesia
283 818 442 851 damnati.
493 817 613 850 lisdem
645 830 858 850 accensemus
886 817 1052 849 Joannem
1079 817 1185 863 Chry-

47 891 247 921 sostomum,
271 879 491 913 Theotimum
506 879 737 918 Tomitanum,
762 888 795 911 et
811 879 942 923 aliquos
960 891 997 911 ex
1019 878 1070 918 iis,
1096 892 1182 923 quos

49 941 253 984 Origenismi
276 954 389 974 caussa
413 951 547 974 vexatos
572 941 674 973 fuisse
699 941 785 973 infra
810 930 1029 974 narrabimus.
1077 941 1183 973 Hete-

48 1004 186 1037 rodoxis
215 1004 434 1036 adscribimus
474 1003 659 1049 Didymum
693 1002 976 1042 Alexandrinum,
1011 1003 1180 1035 Joannem

45 1065 403 1111 Hierosolymitanum‚
436 1065 617 1107 Evagrium
641 1065 841 1104 Ponticum,
865 1063 1053 1097 Palladium
1081 1064 1181 1097 Gala-

46 1138 127 1167 tam,
152 1127 332 1166 Isidorum,
356 1127 535 1165 Rufinum,
568 1136 600 1159 et
625 1127 817 1170 complures
846 1139 884 1157 ex
910 1126 1083 1171 Aegyptiis
1106 1140 1180 1158 mo-

47 1189 171 1228 nacbis,
197 1188 254 1232 qui
280 1188 422 1220 Nitriam
452 1197 604 1220 montem
636 1188 847 1225 incolebant,
879 1200 1030 1231 quosque
1061 1188 1185 1229 Orige-

45 1250 145 1283 uisrni
169 1263 299 1282 veneno
324 1250 454 1294 primos
480 1249 581 1281 fuisse
615 1249 764 1281 imbutos
795 1258 905 1280 narrat
930 1249 1063 1281 Nicetes
1089 1249 1178 1282 The-

43 1325 128 1345 saur.
154 1312 289 1344 orthod.
314 1311 374 1345 fid.
401 1311 477 1344 libr.
503 1312 561 1344 lV.
586 1311 686 1343 Haer.
712 1310 766 1345 31.
814 1309 981 1342 peculiari
1007 1325 1180 1344 commen-

44 1373 129 1406 tario
163 1372 368 1414 Origenistas
405 1373 591 1405 monachos
631 1373 764 1404 laudare
803 1371 993 1404 instituerat
1024 1373 1177 1414 Rufinus,

43 1445 81 1468 ut
104 1436 146 1467 ab
170 1434 380 1480 Hieronymo
406 1434 614 1478 accepimus,
652 1433 745 1478 cujus
780 1433 861 1465 baec
897 1443 974 1465 sunt
1010 1435 1110 1466 verba
1135 1436 1177 1467 ad

43 1497 312 1541 Ctesiphontem,
336 1509 408 1540 cap.
433 1495 465 1530 2.
514 1496 670 1528 »Librum
698 1508 834 1539 quoque
858 1494 991 1538 scripsit
1016 1495 1108 1539 quasi
1135 1496 1177 1528 de

41 1559 229 1598 monachis,
265 1557 458 1602 multosque
491 1557 524 1590 in
551 1571 591 1590 eo
618 1565 801 1595 enumerat,
827 1557 882 1600 qui
908 1569 1079 1600 nunquam
1104 1558 1177 1589 sue-

42 1629 136 1659 runt,
168 1629 202 1652 et
237 1633 321 1664 quos
351 1619 453 1651 fuisse
477 1619 610 1658 scribit,
643 1618 859 1659 Origenistas,
885 1627 917 1649 et
941 1619 981 1649 ab
1007 1619 1175 1663 episcopis

42 1681 215 1713 damnatos
241 1694 310 1713 esse
334 1693 403 1712 non
429 1680 570 1712 dubium
595 1690 662 1719 est,
700 1680 920 1712 Ammonium
947 1679 1116 1719 videlicet,
1142 1690 1175 1711 et

40 1742 235 1782 Eusebium,
260 1752 294 1775 et
316 1742 554 1786 Euthymium,
578 1751 611 1774 et
646 1741 756 1785 ipsum
782 1741 980 1782 Evagrium,
1011 1742 1061 1774 Or
1091 1755 1174 1786 quo-

42 1815 116 1846 que,
142 1812 175 1835 et
199 1803 383 1843 Isidorum,
415 1813 448 1836 et
480 1805 607 1836 multos
637 1804 739 1842 alios,
777 1815 860 1846 quos
886 1816 1080 1835 enumerare
1107 1813 1174 1835 tne-

41 1864 133 1896 dium
159 1873 218 1896 est.
254 1865 308 1908 (Et
332 1864 422 1910 juxta
446 1866 531 1898 illud
556 1865 720 1898 Lucretii:

153 1927 249 1969 Ac')
274 1926 380 1959 veluti
403 1927 516 1971 pueris
541 1926 714 1973 absynthia
738 1935 823 1958 tetra
850 1927 1022 1959 medentes

153 1987 240 2020 Cum
265 1989 344 2020 dare
368 1998 542 2027 conantur,
567 1989 659 2032 prius
686 2001 760 2020 oras
785 1988 909 2032 pocula
934 1987 1058 2019 circum

154 2048 364 2090 Contingunt
386 2051 498 2082 mellis
523 2050 626 2089 dulci,
651 2050 805 2094 flavoque
833 2051 985 2094 liquore:

43 2108 88 2140 ita
118 2108 176 2141 ille
204 2123 309 2143 unum
337 2111 505 2144 Joannem
538 2112 571 2144 in
604 2111 708 2156 ipsius
740 2112 818 2144 libri
843 2111 959 2156 posuit
989 2109 1170 2154 principio,

42 2182 141 2213 quem
166 2179 200 2202 et
223 2171 435 2205 catholicum
466 2183 499 2205 et
528 2183 680 2206 sanctum
715 2173 815 2206 fuisse
846 2186 914 2206 non
944 2172 1083 2204 dubium
1110 2179 1170 2210 est,

137 2298 168 2339 ¹)
193 2296 261 2329 Cfr.
287 2297 418 2330 Lucret.
445 2300 518 2333 libr.
546 2302 601 2334 lV.
622 2315 705 2334 vers.
731 2302 873 2335 11-13-
