1422 2472
351 92 664 125 Ontcemmonum
689 92 801 125 Lim-,a
826 92 889 125 111.
1126 91 1191 126 175

62 181 211 226 ejusdem
227 179 435 213 philocaliae
459 192 600 213 nonum.
634 181 795 223 Exiguam
819 180 964 224 denique
988 179 1190 224 particulam

61 255 99 275 ex
124 243 246 275 eodem
272 241 387 286 Opere
420 241 650 274 subministrat
680 241 747 274 alio
775 241 964 286 Apologiae
988 241 1067 273 loco
1092 241 1191 273 Pam-

59 303 184 348 philus.
232 303 381 335 Tomum
413 315 513 342 vero,
545 303 633 335 unde
665 302 824 335 translata
855 312 922 342 est,
953 315 1021 334 non
1050 302 1190 334 notavit.

61 367 174 409 Atque
199 365 280 397 haec
305 377 381 396 cum
411 363 599 406 legitimum
631 364 752 395 horum
779 363 1111 396 Commentariorum
1135 377 1192 396 au-

61 436 190 458 ctorem
230 425 466 458 Adamantium
507 438 576 458 esse
615 424 796 457 clarissime
834 426 1084 466 demonstrent3
1122 437 1191 456 non

62 487 228 519 dubitavit
251 496 363 519 tamen
386 487 536 519 novitius
561 486 698 531 quidam
725 486 871 530 scriptor
886 486 1114 518 heterodoxus
1132 486 1192 518 hos

62 549 153 593 ipsos
178 548 213 581 in
236 547 531 592 supposititiorum
557 548 712 589 origenis
738 549 942 591 scriptorum
966 546 1087 579 seriem
1113 560 1194 580 con·

62 609 181 655 jicere3
212 622 230 641 a
255 609 430 642 Gulielmo
454 609 616 642 Perkinso
649 609 803 647 delusus,
827 608 884 652 qui
916 621 974 641 eos
1006 609 1094 640 male
1121 609 1194 653 qui-

64 672 141 704 dem
172 684 190 703 a
214 671 339 703 Rufino
372 684 551 704 conversos
583 670 734 714 scripsit,
771 670 864 715 quod
889 670 1099 702 verissimum
1127 680 1195 713 est;

63 731 202 774 Origeni
226 744 307 764 vero
332 732 418 765 salso
444 745 513 765 esse
537 732 682 764 tributos
707 731 905 775 neutiquam
931 731 1102 773 cogitavit.

151 793 456 837 Brevem¹)'libri
488 793 581 826 tertii
619 793 653 825 in
687 792 867 837 epistolam
904 793 945 826 ad
978 793 1195 827 Colossenses

62 855 236 895 laciniam,
266 864 300 887 et
323 855 402 888 alias
433 855 512 888 libri
535 855 569 887 in
597 854 776 899 epistolam
807 856 849 887 ad
874 855 990 887 Titum
1014 856 1196 888 nonnullas

63 916 290 961 Apologetico
313 929 375 949 suo
401 916 598 962 Pamphilus
623 916 764 950 infulsit.
812 916 1042 963 Hieronymus
1066 917 1099 949 in
1126 917 1197 962 epi-

64 979 151 1012 stola
174 979 216 1012 ad
239 978 446 1012 Minervium
478 988 511 1011 et
536 978 765 1011 Alexandrum
788 979 1014 1020 fragmentum
1046 980 1147 1012 affert
1178 993 1196 1012 e

64 1041 165 1072 tertio
194 1040 369 1072 volumine
402 1042 674 1086 ἑξηγηματικῶν
707 1039 866 1082 Origenis
902 1040 936 1073 in
971 1040 1117 1085 primam
1155 1042 1197 1074 ad

66 1100 392 1135 Thessalonicenses.
439 1102 487 1134 Ex
513 1101 675 1134 Homiliis
699 1101 734 1133 in
759 1102 938 1145 epistolam
964 1102 1005 1134 ad
1024 1102 1197 1135 Hebraeos

66 1163 210 1208 paucula
250 1163 413 1207 quaedam
451 1162 630 1207 descripsit
667 1162 832 1195 Eusebius
873 1163 950 1194 libr.
971 1164 1028 1195 Vl.
1070 1162 1198 1197 Hister.

67 1238 139 1269 cap.
155 1225 210 1259 25.
248 1224 403 1257 Indidem
426 1225 591 1257 nonnulla
614 1224 714 1256 affert
729 1224 926 1269 Pamphilus
947 1224 1086 1257 diversis
1103 1227 1198 1269 Apo-

69 1286 205 1328 logetici
228 1285 279 1318 sui
305 1286 399 1318 locis.

156 1347 266 1380 Multa
305 1357 479 1392 praeterea
517 1361 534 1380 e
576 1347 673 1380 variis
714 1346 869 1388 Origenis
909 1346 1198 1380 lucubrationibus

67 1409 251 1451 fragmenta
276 1409 420 1442 Catenae
446 1408 716 1451 subministran13
749 1408 809 1440 sed
832 1421 941 1453 neque
967 1410 1079 1448 locos,
1108 1411 1198 1441 unde

69 1471 127 1503 illa
150 1471 255 1515 petita
278 1480 370 1510 sunt,
396 1470 563 1511 indicant3
594 1483 656 1503 nec
683 1479 772 1502 certa
804 1479 852 1502 est
879 1470 1080 1503 Catenarum
1104 1471 1200 1510 fides,

68 1542 105 1564 ut
129 1532 322 1565 monuimus
347 1532 439 1565 alibi.
488 1532 708 1576 Quapropter
738 1532 1022 1573 fragmentorum,
1052 1545 1136 1576 quae
1161 1545 1201 1565 ex

69 1593 108 1625 iis
135 1594 288 1637 prosecta
318 1604 414 1635 sunt,
452 1594 583 1626 nullam
614 1593 667 1626 hic
698 1593 885 1626 habendam
915 1593 1081 1625 rationem
1107 1593 1200 1626 duxi-

70 1667 154 1689 mus.
206 1655 257 1687 Ex
290 1655 332 1688 iis
365 1665 477 1688 autem
509 1664 683 1699 excerptae
714 1664 792 1687 sunt
820 1655 947 1687 multae
981 1655 1135 1696 Origenis
1166 1655 1200 1687 in

71 1716 178 1749 varios
209 1717 404 1762 Scripturae
445 1718 550 1750 libros
586 1716 785 1762 ἐξηγήσεις,
828 1729 913 1761 quae
954 1716 988 1749 in
1021 1717 1201 1750 Vaticanae

71 1777 303 1811 Bibliothecae
328 1779 498 1821 Catalogis
523 1788 842 1812 commemorantur.

162 1904 198 1950 1)
222 1906 423 1948 Fragmenta
446 1908 610 1952 quaedam
636 1920 674 1938 ex
699 1906 791 1939 libris
816 1906 851 1938 in
875 1906 970 1951 epist.
996 1907 1038 1939 ad
1055 1907 1202 1947 Galatas,

72 1949 231 1995 aliudque
265 1952 422 1994 Origenis
453 1962 662 1995 segmentum
699 1952 732 1984 in
767 1952 861 1996 epist.
888 1953 929 1984 ad
964 1952 1201 1985 Philemonem

71 1995 238 2040 Pamphili
256 1998 426 2042 Apologia
449 1998 688 2030 subministrat.
734 1997 975 2039 Fragmentum
1000 1998 1098 2030 etiam
1125 1998 1202 2030 libri

72 2040 162 2073 tertii
186 2041 221 2073 iu
245 2043 340 2086 epist.
363 2044 405 2076 ad
420 2043 584 2088 Ephesios
607 2044 712 2076 refert
730 2043 958 2089 Hieronymus
981 2042 1039 2076 lib.
1057 2044 1081 2077 Ι.
1107 2044 1202 2087 Apo-

74 2085 140 2128 log.
164 2086 319 2121 adversus
343 2089 513 2123 Rufinum.
562 2089 602 2122 R.
