1422 2472
398 80 586 112 Apomem
616 86 687 110 Pno
717 76 882 110 Omcnmz
1136 71 1202 106 319

74 177 182 212 neque
206 166 381 200 hominum
415 168 488 213 quis
510 180 528 201 a
551 168 629 200 Deo
659 167 693 200 in
724 166 950 211 perditionem
975 163 1114 197 traditus
1139 171 1200 200 est,

73 229 132 261 sed
171 229 399 274 unusquisque
439 230 655 275 pereuntium
693 241 750 261 sua
786 227 986 270 negligentia
1020 233 1137 271 pereat
1168 231 1201 256 et

74 289 183 334 culpa,
208 291 266 334 qui
289 291 412 324 habens
436 291 565 324 arbitrii
588 291 788 330 libertatem,
813 290 934 331 eligere
958 289 1048 333 quod
1072 289 1201 319 bonum

75 360 124 383 est
148 360 182 384 et
211 352 339 396 potuit,
374 362 406 385 et
437 354 564 387 debuit.
617 354 721 397 Quod
753 352 852 384 etiam
884 351 926 383 de
955 350 1030 395 ipso
1061 349 1200 382 diabolo

73 413 285 446 sentiendum
310 423 370 455 est,
394 415 496 460 qui¹)
526 415 560 447 in
586 424 769 460 conspectu
791 413 934 446 Domini
959 409 1202 456 omnipotentis

75 474 276 508 describitur
296 475 472 516 restitisse,
505 486 537 509 et
572 475 756 509 deseruisse
788 485 909 508 statum
933 488 1048 513 suum,
1072 473 1106 505 in
1132 485 1200 517 quo

73 536 181 569 suerat
204 537 451 570 immaculatus:
476 538 533 583 qui
556 538 672 583 utique
696 537 861 582 potuisset
884 537 918 569 in
943 537 1008 569 hoc
1030 545 1135 575 statu,
1165 533 1201 566 in

75 611 143 642 quo
168 599 210 631 ab
233 599 328 632 initio
354 600 427 639 suit,
450 612 557 644 usque
582 599 615 632 in
640 601 742 633 finem
766 611 1000 644 perseverare,
1022 598 1049 630 si
1075 595 1200 629 voluis-

73 668 134 693 set.
179 660 395 703 Designatus,
419 671 456 694 ut
481 661 642 701 arbitror,
672 661 770 694 nobis
795 670 861 700 est,
891 669 994 705 prout
1017 658 1202 703 potuimus,

75 730 107 754 et
131 722 319 767 descriptus
351 723 424 768 quis
456 732 488 755 et
520 722 627 767 qualis
659 732 744 756 esset
767 721 1016 765 haereticus,²)
1049 729 1082 752 et
1106 732 1202 763 quae,

74 782 128 815 vel
150 783 184 816 in
210 784 330 829 quibus
361 783 431 830 ejus
453 785 626 826 dogmata,
651 785 820 829 falsaeque
852 784 1029 829 opiniones
1058 782 1202 814 habean-

72 853 137 885 tur,
162 854 195 878 et
220 858 304 890 quae
327 845 370 878 sit
388 845 631 878 ecclesiasticae
656 846 884 879 observantiae
906 845 1063 890 puritas.«

161 906 439 941 PAMPHILUS.
485 907 530 940 Et
552 917 632 952 post
654 921 759 953 pauca
784 907 912 940 addidit
935 907 1027 940 haec.

165 968 413 1002 ORIGENES.
459 969 718 1014 »Requisierunt
730 971 762 1015 3)
797 983 875 1002 sane
903 969 1056 1014 quidam,
1088 977 1201 1000 utrum

74 1029 243 1070 haeresin,
284 1043 324 1062 an
336 1030 370 1074 ⁴)
401 1031 543 1063 schisma
567 1040 724 1075 oporteat
748 1031 860 1064 vocari
886 1044 955 1071 eos,
978 1030 1080 1075 qui⁵)
1106 1029 1202 1062 Cata-

73 1092 219 1138 phrygae
242 1091 475 1133 nominantur,
508 1093 719 1125 observantes
743 1093 844 1125 salsos
868 1092 1066 1137 prophetaS‚
1097 1100 1130 1123 et
1154 1090 1203 1122 di-

75 1162 203 1185 centes:
229 1153 280 1185 Ne
292 1153 325 1197 ⁶)
350 1153 487 1186 accedas
512 1154 551 1186 ad
576 1167 642 1194 rne,
667 1154 824 1199 quoniam
846 1155 992 1187 mundus
1014 1166 1106 1185 sum:
1132 1165 1202 1185 non

76 1214 165 1246 enim
190 1213 305 1258 accepi
320 1214 352 1258 ⁷)
377 1227 534 1254 uxorem,
562 1227 624 1247 nec
659 1224 707 1247 est
731 1215 923 1259 sepulcrum
948 1223 1064 1260 patens
1088 1223 1202 1256 guttur

73 1289 204 1316 meum,
236 1276 294 1308 scd
318 1289 390 1308 sum
416 1277 600 1309 Nazaraeus
629 1276 714 1316 Dei,
747 1289 814 1308 non
846 1276 964 1309 bibens
995 1275 1108 1308 vinum
1139 1274 1202 1307 sic-

73 1346 110 1369 ut
133 1337 223 1370 inin(

165 1399 442 1433 PAMPH1LUS.
488 1401 571 1432 Istae
596 1413 695 1433 voces
719 1410 794 1433 sunt
818 1400 904 1445 ejus,
929 1400 986 1445 qui
1010 1400 1103 1432 velut
1125 1399 1202 1432 hae—

74 1460 197 1494 reticus
221 1470 408 1501 accusatur,
439 1471 472 1494 et
503 1462 676 1507 corruptio
707 1475 744 1495 ac
757 1462 790 1506 ⁸)
826 1462 973 1506 perditio
1007 1461 1202 1501 animarum,

75 1684 146 1706 vers
173 1626 204 1706 ’ἐ
229 1626 300 1661 Cfr.
323 1625 410 1661 Dan.
435 1629 478 1669 X,
504 1629 556 1664 13.
582 1629 660 1666 coll.
684 1630 791 1674 Apoc.
817 1629 902 1670 ΧΙΙ,
934 1629 964 1664 7.
990 1638 1023 1662 et
1048 1643 1098 1675 ep.
1123 1631 1200 1664 Jud.

169 1733 204 1778 ²)
229 1733 406 1767 Omittitur
428 1737 617 1770 haereticus
640 1736 673 1767 in
698 1736 866 1779 plerisque
888 1736 980 1775 Mss.‚
1006 1737 1062 1781 qui
1086 1748 1203 1783 postea

77 1780 200 1811 habent
224 1792 299 1811 cum
331 1780 428 1812 editis
459 1781 503 1825 (e.
530 1795 555 1813 c.
581 1781 656 1813 edd.
682 1781 747 1825 Μ.)
777 1794 890 1814 eorum
920 1783 1085 1825 (logmata.
1133 1785 1201 1817 Sed

77 1824 198 1857 rectius
224 1824 308 1858 Cod.
334 1826 559 1859 Sorbonicus:
581 1831 654 1869 ejus
680 1828 845 1870 doymata.
871 1827 909 1859 R.

171 1886 204 1930 ³)
228 1886 416 1930 Depromta
441 1897 517 1920 sunt
539 1888 618 1920 haec
652 1889 751 1920 verba
782 1901 819 1919 ex
851 1888 1078 1923 Commentar.
1105 1891 1199 1934 Orig.

80 1932 113 1963 in
138 1943 189 1975 ep.
215 1931 256 1963 ad
280 1931 406 1966 Titum.
432 1933 500 1966 Csr.
526 1935 578 1967 ed.
602 1942 705 1966 nostr.
730 1933 828 1967 Tom.
855 1933 892 1965 V.
921 1946 993 1977 pag.
1017 1934 1093 1969 291.

172 1993 205 2035 ⁴)
230 1992 323 2025 Editi
349 1994 394 2038 (v.
420 2006 446 2026 c.
472 1994 548 2027 edd.
574 1993 639 2037 Μ.)
665 2007 710 2027 an
735 1996 925 2028 schismata.
954 1996 992 2028 R.

173 2050 206 2092 ⁵)
230 2049 309 2080 Mss.
333 2049 463 2092 plures:
489 2052 548 2093 qui
573 2052 808 2095 Crttctplzryytts
833 2060 894 2084 etc.
921 2052 961 2087 R,
987 2071 1026 2076 —
1055 2051 1124 2086 Csr.
1150 2053 1200 2086 ed.

81 2102 182 2129 nostr.
207 2094 303 2125 Tum.
329 2094 368 2126 V.
394 2107 465 2138 pag.
489 2096 564 2129 291.
587 2105 659 2128 not.
683 2096 711 2129 2.

173 2150 207 2190 ⁶)
232 2149 317 2181 Edd.
342 2150 389 2182 M.
414 2151 488 2183 Non
510 2155 662 2185 accedas.

176 2205 208 2248 ⁷)
233 2205 287 2236 Sic
313 2206 390 2239 Mss.
440 2207 529 2240 Editi
557 2209 601 2253 (v.
629 2224 654 2241 c.
682 2210 757 2242 cdd.
785 2209 848 2251 M.)
874 2209 1012 2250 accipio.
1040 2208 1077 2241 R.

172 2264 205 2304 ²⁸)
232 2261 314 2293 Edd.
342 2262 387 2293 M.
411 2269 451 2295 et.
