1422 2472
386 67 573 98 Apotosm
604 73 674 97 mm
705 63 869 97 Onmnmz
1122 65 1188 101 339

63 164 144 193 ctus,
168 153 224 198 qui
248 154 281 186 in
302 163 334 186 te
360 163 417 187 est.
466 155 503 187 In
529 167 616 187 novo
642 167 720 186 vero
746 154 961 186 Testamenta
987 154 1184 187 abundanti-

59 216 119 247 bus
145 215 342 248 testimoniis
367 215 567 255 edocemur,
601 229 677 248 cum
701 215 845 260 Spiritus
876 224 1006 248 sanctus
1038 215 1184 261 super')

60 276 228 310 Christum
260 276 468 309 descendisse
502 277 779 321 perscribitur,²)
813 286 846 309 et
870 289 945 308 rum
969 275 1040 320 ipse
1063 276 1184 309 Domi-

57 351 117 370 nus
142 338 322 371 insufflavit
350 339 382 370 in
408 339 593 383 Apostolos
626 348 704 383 post
727 338 1026 378 resurrectionem,
1050 337 1182 372 dicens:

56 399 208 444 Accipite
221 400 254 444 ³)
286 399 450 444 Spiritum
483 410 642 432 sanctum.
689 400 733 433 Et
763 401 804 433 ad
838 399 980 433 Mariam
1012 399 1135 432 dicitur
1149 400 1182 445 4)

56 461 96 492 ab
132 461 268 502 angelo:
303 460 446 505 Spiritus
479 471 610 494 sanctus
641 462 752 494 veniet
766 463 797 505 ⁵)
830 474 931 505 super
960 470 1005 493 te.
1058 461 1181 494 Paulus

55 535 134 553 vero
161 523 276 555 docet:
290 523 324 566 6)
352 521 439 565 Quin
464 535 564 554 nemo
588 532 699 567 potest
718 523 828 555 dicere
847 522 1035 555 Dominum
1053 523 1180 562 Jesum,

55 582 116 615 nisi
140 583 174 616 in
200 583 330 628 Spiritu
353 586 478 617 sinete.
518 584 564 616 Et
587 583 620 616 in
638 584 778 617 Actibus
793 586 823 629 ⁷)
848 584 1093 628 Apostolorum
1119 598 1181 629 per

54 644 306 689 impositionem
332 658 489 677 manuum
509 646 781 690 Apostolicorum
799 646 944 690 Spiritus
968 655 1098 677 sanctus
1124 647 1180 678 da-

54 706 152 738 batur
176 707 207 738 in
233 706 409 751 baptismo.
458 707 506 739 Ex
533 706 652 751 quibus
678 707 832 738 omnibus
849 706 1083 751 didicimus,⁸)
1109 716 1180 740 tan-

53 776 107 800 tae
131 780 199 800 esse
214 768 247 812 ⁹)
273 777 305 800 et
321 758 373 812 ¹⁰)
398 767 606 800 auctoritatis
626 777 658 800 et
681 767 848 809 dignitatis
864 767 1083 800 substantiam
1106 780 1179 800 san-

53 829 97 860 cti
121 828 277 873 Spiritus,
301 838 338 861 ut
358 829 499 861 salutare
515 830 522 848 ¹
538 829 569 873 ¹)
593 828 757 873 baptisma
782 841 850 861 non
874 828 971 861 aliter
984 828 1048 861 nisi
1073 830 1180 862 excel-

51 889 251 923 lentissimae
276 890 426 923 omnium
445 891 499 935 ¹²)
531 889 705 923 Trinitatis
740 890 959 930 auctoritate,
984 890 1018 922 id
1043 900 1093 923 est
1115 891 1180 924 Pa-

52 951 122 991 tris,
147 961 179 984 et
202 952 303 992 Filii,
327 961 362 985 et
384 952 531 997 Spiritus
557 951 662 984 sancti
687 951 982 994 cognominatione
1008 953 1177 997 complea-

51 1022 116 1052 tur,
141 1022 173 1045 et
197 1013 309 1046 innato
330 1013 383 1057 ¹³)
408 1014 484 1046 Deo
511 1013 613 1054 Patri,
639 1023 672 1046 et
695 1013 868 1055 unigenito
894 1013 963 1058 ejus
986 1013 1089 1054 Filio,
1116 1027 1179 1047 no—

51 1087 128 1106 men
159 1087 294 1119 quoque
326 1074 472 1119 Spiritus
504 1073 608 1106 sancti
642 1074 830 1119 copuletur.
884 1074 969 1117 Quis
999 1087 1077 1117 ergo
1107 1089 1175 1108 non

53 1137 277 1180 obstupescat,
303 1145 425 1181 quauta
450 1135 602 1180 majestas
625 1135 667 1168 sit
679 1135 823 1180 Spiritus
847 1136 964 1177 sancti,
989 1151 1064 1169 cum
1088 1150 1176 1178 eum,

53 1196 109 1241 qui
134 1196 322 1241 dixerit¹⁴)
348 1198 486 1230 verbum
519 1197 554 1229 in
579 1197 706 1230 Filium
739 1197 884 1230 hominis
907 1197 1020 1231 audiat
1041 1212 1175 1243 sperare

50 1258 180 1291 veniam
212 1271 327 1303 posse;
362 1272 437 1291 eum
470 1272 566 1299 vero,
605 1259 661 1304 qui
693 1259 725 1291 in
758 1259 923 1304 Spiritum
955 1262 1175 1306 sanctum¹⁵)

146 1375 178 1418 ¹)
203 1376 288 1408 Edd.
314 1375 362 1408 M.
389 1374 618 1408 »descendisse
643 1387 744 1419 super
767 1375 968 1410 Christum«

142 1432 176 1475 ²)
201 1431 264 1464 Ed.
290 1432 419 1476 Redep.
449 1430 698 1464 »describitun«

139 1487 174 1530 3)
199 1486 258 1527 Ev.
283 1488 403 1520 Joann.
428 1488 506 1527 XX,
531 1487 584 1521 22.

142 1543 176 1585 4)
199 1542 263 1575 Ed·
280 1544 407 1588 Redep.
430 1544 489 1575 »ab
511 1544 627 1585 angelo
646 1542 797 1575 dicitur.«
825 1563 865 1568 —
892 1543 959 1577 Cfr.
975 1545 1052 1578 Luc.
1078 1547 1103 1585 I,
1117 1545 1171 1581 35.

142 1600 175 1639 ⁵)
201 1599 256 1632 Sic
290 1600 369 1632 Mss.
401 1599 570 1643 plerique.
619 1597 730 1630 Ceteri
763 1611 860 1637 veru,
893 1609 925 1631 et
957 1600 1038 1633 editi
1070 1602 1116 1645 (v.
1144 1617 1169 1634 ις.
1210 1638 1214 1641 ,

51 1644 124 1676 edd.
148 1644 197 1680 M.
222 1653 254 1676 et
278 1645 424 1689 Redep.)
451 1643 681 1688 »superveniet
707 1645 740 1675 in
764 1652 827 1676 ιω(

139 1698 173 1742 ⁶)
197 1699 259 1733 Ed.
284 1700 412 1745 Redep.
436 1699 575 1740 „dicim
600 1716 640 1721 —-
668 1698 736 1730 Cfr.
764 1699 773 1729 l
802 1698 880 1730 Cor.
905 1699 979 1741 XH,
1004 1700 1033 1734 3.

140 1755 172 1798 ⁷)
198 1754 267 1788 Csr.
294 1758 364 1789 Act.
392 1757 481 1795 Vlll,
509 1754 559 1789 18.

141 1810 176 1853 ⁸)
199 1809 284 1843 Edd.
310 1812 355 1844 M.
386 1811 593 1844 »discimus«

144 1865 178 1909 ⁹)
202 1865 307 1899 Deest
333 1880 441 1899 »esse«
468 1867 502 1899 in
527 1868 601 1900 edd.
627 1867 675 1899 M.

125 1920 178 1964 ¹⁰)
203 1921 308 1954 Deest
334 1932 406 1954 »eta
433 1923 466 1955 in
492 1923 543 1956 ed.
567 1923 696 1968 Redcp.

124 1977 177 2020 ΙΙ)
200 1977 285 2009 Edd.
309 1977 356 2010 M.
382 1979 577 2011 »salutarem
600 1979 835 2024 baptismum,«
864 1980 915 2012 vd.
942 1981 1069 2024 Redep.
1098 1994 1165 2012 »sa-

53 2020 167 2053 lutaris
191 2022 401 2066 baptismus«

101 2123 103 2125 Ι
125 2078 177 2121 ¹²)
201 2078 287 2110 Edd.
313 2077 361 2110 M.
390 2079 659 2113 »omnitrinitatis
683 2081 911 2115 auctoritates<

125 2132 176 2175 13)
201 2132 287 2168 Edd.
311 2134 358 2166 M.
385 2143 417 2166 et
440 2135 569 2179 Redep.
596 2136 793 2179 »ingenito.«

126 2187 178 2231 ¹⁸)
204 2188 273 2221 Csr.
299 2188 415 2221 Matth.
439 2190 515 2229 XM,
538 2190 590 2225 32.
616 2194 693 2225 coll.
719 2194 797 2227 Luc.
822 2193 900 2230 ΧΗ,
927 2194 977 2228 10.

125 2242 178 2286 ¹⁵)
202 2243 305 2276 Deest
332 2254 519 2277 »sanctum«
548 2246 581 2279 in
608 2249 683 2282 edd.
710 2250 756 2282 M.

894 2311 966 2344 22*
