1422 2472
358 79 668 113 Omanmmonum
698 79 811 112 Lmen
837 79 898 112 111.
1126 78 1191 114 193

55 169 239 209 Ἑξαπλοῖ.
294 169 359 202 Sex
398 181 478 201 vero
514 168 680 201 habebant
716 168 881 201 editiones
913 166 1075 206 Graecas,
1112 180 1187 199 cum

56 230 170 274 Diplis
195 230 388 270 Hebraicis,
412 230 468 262 alii
494 230 572 263 libri
597 243 658 275 per
682 242 794 262 versus
821 229 1019 274 compositi,
1045 238 1187 273 excepto

55 291 233 331 psalterio,
258 304 379 336 nempe
404 292 599 333 Proverbia,
624 291 854 331 Ecclesiastes,
881 300 914 323 et
933 291 1126 325 Canticum:
1151 304 1188 323 ac

55 353 201 398 proinde
235 363 328 386 erant
357 353 560 388 Ὀκπιπλοῐ.
618 355 660 387 At
692 354 779 386 liber
811 353 1024 386 psalmorum
1057 362 1190 397 praeter

55 415 201 457 geminas
237 415 395 448 Hebraici
434 424 608 447 contextus
646 416 820 448 columnas
855 423 988 459 septem
1024 413 1189 447 editiones

56 477 264 516 continebat,
300 477 491 522 meritoque
528 476 653 510 librum
688 478 777 510 hunc
805 477 1055 512 Ἐγνεαπλοῦν
1086 475 1189 508 fuisse

55 538 195 571 diceres.
244 538 349 580 Igitur
381 539 476 582 Opus
510 538 598 570 istud
632 538 788 580 Origenis
824 537 946 582 partim
982 547 1051 569 erat
1082 537 1192 570 Hexa-

54 600 161 644 plum,
185 599 308 644 partim
329 599 526 644 Octaplum,
550 599 673 644 partim
693 599 926 642 Enneaplum:
952 599 1011 631 sed
1030 599 1059 642 ¹)
1085 598 1190 644 septi-

54 674 127 694 mae
152 661 332 701 editionis,
365 674 450 706 quae
484 662 525 694 ad
549 674 656 693 unum
688 659 880 704 pertinebat
902 659 1124 700 Psalterium‚
1155 660 1189 692 in

52 732 125 755 tota
148 722 339 755 Bibliorum
365 722 612 755 denominanda
642 723 735 754 mole
767 721 853 754 ratio
878 721 992 754 habita
1026 734 1094 754 non
1127 731 1188 762 est,

52 785 199 830 ideoque
232 798 251 818 a
285 782 419 817 nemine
450 783 625 828 Enneapla
664 783 753 816 dicta
785 793 872 817 sunt.
919 783 1051 816 Asserit
1087 783 1188 816 etiarn

54 847 217 889 Origenes
252 847 293 879 ab
327 845 661 890 interpretationibus
696 845 842 890 Aquilae
876 854 909 878 et
940 845 1190 878 Theodotionis

52 908 196 941 abfuisse
221 908 375 941 Threnos
399 908 579 941 Jeremiae.
627 908 745 951 Itaque
778 906 867 940 liber
904 906 964 939 ille
987 907 1091 939 fuerit
1119 911 1189 943 Τε-

51 971 242 1015 τραπλοῦς,
268 970 327 1001 sed
351 978 462 1001 totum
489 981 614 1013 corpus
631 968 825 1001 Bibliorum
850 977 995 1013 propter
1020 969 1096 1001 libri
1122 969 1189 1002 exi-

52 1031 212 1073 guitatem
244 1031 443 1074 Tetraplum
477 1030 544 1062 dici
577 1042 645 1061 non
681 1031 807 1062 debuit.
857 1030 1005 1073 Quidam
1039 1031 1189 1075 Hexapla

53 1092 114 1124 ista
139 1091 310 1124 volumina
335 1091 568 1135 appellarunt,
593 1092 734 1123 sortasse
759 1091 849 1123 enim
873 1092 1024 1136 Hegxapla
1049 1093 1090 1124 ab
1111 1093 1190 1125 Ori-

53 1167 135 1196 gene
167 1153 325 1197 inscripta
355 1162 449 1191 sunt,
488 1153 580 1196 quod
613 1164 730 1193 magna
762 1151 903 1184 illorum
934 1165 1010 1196 pars
1044 1163 1190 1197 quatuor

54 1215 274 1254 editionibus,
308 1214 469 1258 Aquilae,
501 1213 713 1259 Symmachi,
749 1215 819 1247 τῶν
853 1213 1121 1259 ἑβδομήκοντα,
1157 1224 1190 1247 et

53 1276 316 1316 Theodotionis,
340 1289 377 1308 ac
392 1275 506 1319 Diplis
525 1284 697 1319 praeterea
715 1274 892 1307 Hebraicis
919 1285 1006 1308 esset
1029 1277 1188 1309 conflata:

52 1337 109 1370 alii
147 1350 226 1370 vero
268 1350 345 1370 cum
388 1337 438 1369 his
475 1335 706 1368 voluminibus
743 1349 799 1368 sex
837 1336 1004 1369 editiones
1045 1338 1189 1371 Graecas

51 1408 185 1445 praeter
207 1398 374 1431 Hebraica
399 1394 602 1443 exemplaria
626 1398 733 1429 inesse
764 1397 1011 1439 intelligerent,
1044 1399 1190 1444 Octapla

52 1462 203 1494 vocanda
228 1469 436 1494 censuerunt.
486 1460 710 1503 Quapropter
733 1471 834 1490 nemo
859 1459 975 1492 mirari
993 1461 1105 1501 debet,
1131 1474 1191 1494 cur

51 1523 211 1568 Hexaplis
242 1535 298 1556 sex
330 1521 496 1554 editiones
530 1521 693 1560 Graecas,
733 1529 766 1552 et
797 1521 882 1553 duos
917 1531 1091 1555 contextus
1122 1522 1191 1555 He—

51 1586 184 1618 braicos
208 1584 310 1617 fuisse
341 1584 487 1616 intextos
513 1582 658 1615 dixerint
680 1582 864 1622 Eusebius,
896 1583 1123 1628 Epiphanius,
1155 1594 1188 1617 et

52 1647 218 1679 Zonaras:
250 1646 394 1678 intextae
420 1645 548 1689 quippe
574 1654 667 1677 erant
692 1644 858 1676 editiones
884 1644 963 1677 illae
989 1658 1044 1677 sex
1069 1645 1102 1681 in
1127 1645 1189 1677 ali-

53 1709 173 1753 quibus
205 1708 365 1740 duntaxat
394 1707 505 1746 libris,
540 1719 610 1739 non
643 1705 677 1738 in
708 1706 891 1748 universis;
927 1720 1003 1739 nam
1037 1707 1189 1752 quamvis

52 1769 195 1802 intextae
219 1769 338 1802 itidem
365 1778 473 1801 essent
499 1768 534 1800 in
559 1767 701 1801 Psalmis
728 1767 894 1800 editiones
919 1778 1060 1813 septem,
1079 1769 1189 1801 Hexa-

52 1832 110 1876 pla
132 1841 243 1864 tamen
266 1831 481 1863 Psalmorum
515 1830 605 1862 idem
639 1829 722 1862 dixit
747 1829 921 1862 Eusebius.
970 1829 1189 1862 Manifestum

55 1905 131 1935 ergo
157 1902 216 1933 est,
238 1906 342 1925 unum
368 1892 526 1937 idemque
552 1905 638 1937 opus
662 1892 764 1924 fuisse
790 1891 942 1936 Hexapla
968 1899 1001 1922 et
1027 1890 1189 1935 Octapla;

55 1955 110 1986 sed
135 1968 154 1986 a
177 1954 327 1993 diversis,
351 1954 472 1999 quibus
499 1956 684 1994 constabat,
707 1954 859 1998 partibus
886 1953 1015 1985 diveras
1039 1952 1184 1996 appella-

150 2086 182 2128 ¹)
216 2086 367 2130 Septima
401 2087 506 2119 editio
546 2088 763 2131 permittebat
801 2090 900 2122 etiam
934 2087 975 2118 ad
1009 2085 1188 2118 duodecim

58 2140 238 2185 prophetas
273 2143 436 2182 minores,
470 2153 505 2175 ut
538 2156 615 2175 mox
649 2145 856 2178 ostendimus
891 2157 927 2176 ex
960 2143 1002 2175 D.
1028 2142 1188 2174 Beruard.

57 2198 97 2229 de
124 2197 358 2231 Montsaueon.
407 2201 446 2232 R.

102 2258 275 2291 Omems
301 2259 435 2292 OPERA.
469 2261 565 2293 Tem.
591 2261 711 2292 XXIV.
951 2260 990 2293 13
