1413 2482
192 79 260 114 312
536 81 570 113 S.
597 80 773 113 Pimpfflu
800 78 993 111 Minu-ms

197 167 277 209 cuit,
302 168 458 201 omnibus
481 167 640 201 adhibitis
664 167 913 213 probamentis,
939 180 977 200 ex
998 163 1181 210 Scripturis
1205 162 1326 198 sanctis

195 230 406 264 manifestius
433 239 465 262 et
490 230 694 263 constantius
719 243 882 272 asserens;
914 230 955 262 dc
989 228 1039 262 his
1064 240 1164 267 vero,
1188 227 1229 259 de
1253 225 1326 270 qui-

198 294 261 325 bus
286 291 435 325 ostendit
458 305 527 325 non
551 280 740 332 manifeste,
764 305 873 337 neque
899 305 938 324 ex
962 289 1102 323 definito
1127 288 1160 321 in
1188 286 1328 320 ecclesia

199 353 400 399 praedicari,
424 354 644 399 opinionibus
669 355 791 397 tnagis,
815 364 849 386 et
872 354 922 386 his
946 351 1106 391 sensibus,
1132 349 1191 395 qui
1215 349 1329 393 dispu-

197 415 282 448 tanti
318 415 347 447 ei
367 416 397 460 ¹)
436 426 468 448 et
507 416 663 449 tractanti
697 417 737 449 de
774 416 895 449 talibus
929 425 1106 447 occurrere
1135 419 1331 457 potuerunt,

200 490 300 522 quam
326 478 428 511 certis
452 479 620 524 aliquibus
645 491 682 511 ac
708 478 855 511 definitis
886 476 1123 510 assertionibus
1146 473 1272 512 uiitur,
1295 472 1331 504 id

200 549 260 579 est,
284 539 466 573 discutiens
500 550 533 573 et
563 549 772 586 pertractans
804 539 918 586 potius
944 551 1043 584 quam
1068 537 1246 570 affirmans.
1297 535 1332 566 ln

201 600 358 634 omnibus
382 603 540 647 tamen2)
564 602 728 635 sermonis
745 602 796 635 sui
813 600 980 641 meminit,
1005 599 1086 646 ejus,
1110 611 1209 643 quem
1233 608 1334 641 supra

201 663 425 709 exposuit,³)
459 677 536 697 cum
567 665 614 697 ait
637 664 731 697 illam
756 665 863 696 so'lam
887 661 1116 707 recipiendam
1141 670 1174 693 et
1198 659 1336 692 creden-

202 725 280 758 dam
305 738 375 758 esse
399 726 586 766 veritatem,
611 739 697 771 quae
722 726 763 764 in,
780 726 876 758 nullo
901 723 1100 770 apostolicis
1125 732 1158 756 et
1182 720 1338 755 ecclesia-

203 786 295 820 sticis
320 788 532 830 dogmatibus
558 788 768 820 adversatur:
803 797 836 820 et
867 787 1074 819 non‘solum
1098 784 1133 817 in
1157 783 1207 816 his
1231 781 1337 822 libris,

205 861 352 894 quorum
384 863 485 894 supra
516 850 659 882 fecimus
694 848 919 887 mentionem,
960 848 1018 881 sed
1051 856 1085 880 et
1107 847 1141 879 in
1169 845 1336 884 omnibus,

205 923 290 955 quae
315 912 356 944 de
381 911 567 956 Scripturis
592 911 742 956 exponit,
767 911 827 943 hac
851 909 1017 943 sententia
1041 909 1091 942 uti
1115 908 1221 947 solet,
1246 917 1280 940 et
1302 906 1337 938 in

206 973 256 1006 his
281 973 474 1019 praecipue,
498 974 533 1006 in
557 974 678 1018 quibus
703 973 818 1018 plures
842 973 942 1005 unius
973 970 1113 1016 capituli
1139 970 1339 1014 interpreta-

206 1034 317 1068 tiones
342 1036 499 1080 exponit,
529 1036 595 1067 hoc
622 1048 787 1074 asserens,
818 1047 852 1067 se
886 1034 1044 1079 quidem,
1074 1045 1116 1065 ne
1141 1031 1222 1077 quid
1247 1031 1340 1076 quod

209 1096 278 1129 dici
302 1097 409 1142 possit
433 1097 619 1136 omitteret,
642 1098 740 1142 plura
767 1096 818 1128 vel
844 1096 985 1136 diversa,
1010 1102 1114 1140 prout
1131 1093 1254 1126 sentire
1279 1105 1342 1137 po-

209 1159 287 1199 tuit,
309 1159 508 1203 protulisse;
535 1159 624 1191 illud
649 1168 760 1191 autem
786 1158 910 1190 debere
934 1157 1060 1197 teneri,
1084 1156 1176 1200 quod
1207 1164 1343 1200 aposto-

211 1220 296 1254 licus
322 1231 422 1266 atque
436 1222 469 1266 ⁴)
510 1220 754 1254 ecclesiasticus
779 1220 888 1252 lector
916 1219 1088 1263 probaret.
1142 1218 1219 1250 Hoc
1252 1217 1343 1250 idem

213 1283 295 1316 facit
318 1283 418 1316 etiam
437 1296 512 1316 cum
531 1282 781 1316 haereticorum
795 1280 932 1313 discutit
948 1290 1070 1313 sectas:
1095 1280 1217 1325 quibus
1234 1279 1345 1312 omni-

213 1346 275 1377 bus
301 1345 482 1378 confutatis
507 1354 606 1389 atque
632 1342 856 1387 convictis,⁵)
884 1354 984 1374 unam
1009 1341 1128 1382 solam,
1154 1354 1296 1386 eamque
1309 1341 1344 1386 ⁶)

215 1419 314 1451 quam
337 1419 438 1451 supra
463 1405 636 1451 exposuit,
662 1404 858 1439 Catholicae
891 1403 1039 1436 veritatis
1073 1405 1272 1437 sententiam
1297 1413 1346 1437 te-

214 1477 282 1501 net.
328 1468 383 1501 De
417 1467 537 1513 quibus
568 1456 706 1510 singulis
739 1466 885 1512 qualiter
916 1465 1130 1509 responderit
1160 1465 1346 1506 haereticis,

215 1539 248 1562 et
273 1530 448 1575 quomodo
473 1529 626 1562 universa
651 1542 769 1574 eorum
795 1530 951 1570 dogmata
968 1527 1152 1567 destruens,
1176 1527 1248 1572 ipse
1260 1541 1347 1561 sem-

215 1604 277 1636 per
307 1591 541 1637 Apostolicam
577 1590 825 1632 confirmaverit
858 1590 978 1628 fidem,
1009 1590 1037 1622 si
1067 1589 1207 1622 velimus
1231 1603 1348 1623 omnes

217 1654 396 1686 sententias
421 1654 492 1698 ejus
517 1666 729 1695 congregare,
755 1662 788 1684 et
812 1652 949 1694 longum
965 1651 1043 1684 satis
1063 1661 1121 1691 est,
1146 1660 1178 1684 et
1195 1651 1258 1684 erit
1280 1661 1348 1684 tam

220 1715 327 1754 nobis,
356 1715 412 1760 qni
438 1715 624 1755 scribimus,
651 1727 852 1755 onerosum,
886 1726 985 1758 quam
1011 1712 1199 1759 legentibus
1221 1715 1350 1747 taedio-

220 1789 305 1808 sum.
353 1778 420 1809 Sed
446 1777 572 1810 sufficit
593 1790 697 1822 pauca
723 1777 887 1821 proferre,
912 1775 945 1807 iu
960 1774 1079 1819 quibus
1101 1775 1253 1808 omnium
1270 1790 1350 1821 pro-

222 1838 312 1870 fecto
339 1839 436 1870 facile
470 1838 753 1883 dignoscentur7)
788 1836 920 1870 indicia.
970 1838 1086 1881 Neque
1119 1837 1208 1871 enim
1233 1849 1349 1872 contra

322 1984 351 2027 ¹)
377 1983 481 2015 Deest
506 1986 535 2016 ei
561 1984 593 2015 in
620 1984 694 2015 edd.
721 1984 768 2016 M.

320 2041 354 2084 ²)
378 2040 466 2072 Edd.
491 2040 539 2072 Μ.
566 2046 677 2072 tcnuen
702 2042 783 2074 Iocis
812 2042 972 2073 sermonis
1000 2049 1061 2072 etc.

317 2098 353 2141 3)
378 2097 464 2129 Edd.
489 2096 536 2129 M.
561 2098 785 2142 ewposuimns.

319 2153 353 2197 ⁴)
377 2153 463 2187 Edd.
488 2154 538 2187 Μ.
565 2161 605 2187 el.
704 2154 735 2197 5)
761 2152 846 2184 Edd.
872 2153 920 2185 M.
946 2155 1053 2186 victis.

319 2209 353 2253 ⁶)
378 2209 464 2243 Edd.
489 2210 537 2243 M.
564 2223 634 2243 eam
661 2222 758 2254 quam
786 2222 900 2253 supra.

322 2265 354 2308 7)
378 2266 463 2299 Edd.
490 2267 537 2299 M.
572 2273 820 2309 coynoscemnr.
