1422 2472
378 82 693 115 OMGENIANORUM
718 82 831 114 Lmen
856 80 919 113 111.
1147 80 1215 115 247

73 171 155 216 quid
179 171 222 204 de
246 171 472 204 adolescentis
497 170 659 203 ecclesiae
685 170 841 203 doctrina
858 179 1005 203 statuere
1023 183 1210 214 possemus.

71 232 199 266 Scribit
221 232 426 266 Possevinus
449 233 483 265 in
497 233 784 277 Appar.Sacram.
813 232 845 264 in
871 232 1014 271 Hilario,
1039 231 1208 264 dubitasse

69 294 270 334 nonnullos,
306 306 418 326 annon
449 294 581 327 Hilario
614 294 786 327 tribuendi
819 303 929 326 essent
960 293 995 326 hi
1028 293 1210 326 Commen-

69 355 154 388 tarii.
195 356 236 388 ld
259 355 287 389 si
312 358 386 401 quis
412 357 537 396 credet,
561 356 728 389 Hilariani
753 369 831 388 eum
849 355 1048 389 characteris
1072 354 1207 399 penitus

66 417 220 459 ignarum
245 431 315 451 esse
339 431 474 451 necesse
500 428 561 451 est.
611 419 780 452 Adversus
807 417 949 450 Arianos
975 429 1106 449 summa
1131 430 1208 450 cum

66 479 166 512 laude
191 479 324 524 scripsit
349 479 510 519 Hilarius,
541 493 687 524 quorum
712 480 774 512 iste
799 479 996 524 partiarium
1021 492 1056 511 se
1080 478 1208 523 prodit.

66 541 121 573 Ad
150 540 231 573 haec
261 540 347 572 nihil
380 541 414 573 in
444 541 591 574 Genesin
623 541 794 586 scripsisse
830 541 939 573 fertur
969 540 1138 580 Hilarius,
1170 539 1206 572 in

66 615 166 647 quam
189 615 223 635 se
250 603 440 635 lucubrasse
472 602 585 647 aliqua
610 611 750 635 testatur
782 602 842 634 iste
876 611 1006 635 auctor.
1052 602 1206 635 Eandem

64 675 156 703 vero,
180 672 218 695 ut
242 673 275 696 et
300 664 424 697 librum
437 664 529 703 Jobi,
553 664 669 696 multis
694 673 896 708 exposuerat
909 663 1090 705 Origenes3
1114 663 1205 695 unde

63 725 141 757 data
170 725 312 758 fortasse
337 726 469 758 occasio
505 725 584 757 libri
614 725 710 758 istius
743 725 821 758 huie
853 724 1088 766 adscribendi3
1127 738 1205 757 cum

61 786 260 831 praesertim
295 786 543 828 in·allegorias
580 799 824 832 nonnunquam
861 796 1025 820 excurrat.
1083 786 1205 828 Arguit

59 848 217 881 Erasmus
249 862 287 880 ex
317 848 439 881 horum
472 848 637 881 librorum
671 849 819 882 clausula
849 862 918 881 non
953 847 1096 880 ulterius
1123 860 1204 892 pro-

60 922 207 951 gressum
239 910 339 943 fuisse
364 910 586 954 scriptorem,
625 911 705 943 licet
737 911 790 943 vix
825 919 925 955 caput
950 910 1032 942 Jobi
1064 909 1202 942 tertium

59 971 221 1013 attigerit:
248 984 266 1004 a
291 985 355 1016 qua
381 972 540 1016 equidem
564 958 730 1004 sententia
755 984 823 1004 non
848 972 984 1004 recedo.

150 1033 212 1065 Ill.
252 1032 486 1065 Posteriorem
518 1033 808 1066 Commentarium
845 1033 879 1066 in
911 1033 980 1066 Job
1019 1046 1036 1065 e
1069 1032 1203 1065 Biblio-

61 1094 175 1126 thecae
200 1094 323 1136 Regiae
350 1093 534 1126 Codicibus
559 1094 738 1126 Perionius
775 1094 875 1127 latina
909 1095 1062 1127 oratione
1096 1095 1202 1127 dona-

63 1156 118 1188 vit.
151 1155 227 1188 Alia
245 1168 382 1200 quoque
407 1156 488 1188 alibi
511 1155 730 1199 reperiuntur
747 1155 817 1201 ejus
836 1155 1049 1200 exemplaria.
1087 1156 1200 1188 Multo

59 1217 170 1250 minus
202 1217 357 1259 Origenis
394 1217 492 1249 illum
525 1230 595 1249 csse
642 1217 752 1257 dicas,
788 1231 888 1262 quam
928 1219 1059 1262 priores
1096 1218 1200 1250 libros

59 1288 143 1311 tres:
180 1291 257 1311 nam
291 1292 402 1323 neque
427 1279 636 1319 Tomorum,
672 1292 782 1323 neque
809 1279 1057 1319 Homiliarum,
1088 1291 1198 1323 neque

57 1340 276 1374 Scholiorum
304 1341 420 1373 stilum
445 1341 551 1385 sapit;
581 1353 691 1384 neque
723 1341 860 1373 divertit
891 1354 1031 1385 usquam
1058 1341 1092 1372 in
1116 1341 1199 1373 alle-

55 1402 183 1444 gorias,
209 1411 242 1434 et
266 1411 358 1434 totus
384 1411 433 1434 est
457 1402 492 1434 in
518 1402 762 1446 perscrutando
789 1402 907 1434 literae
933 1416 1042 1442 sensu,
1067 1411 1105 1435 ut
1129 1415 1199 1434 me-

55 1476 126 1496 ram
150 1463 367 1508 paraphrasin
398 1476 468 1496 esse
494 1464 595 1496 dicas.
646 1464 769 1503 Mosen
792 1464 870 1496 libri
893 1464 962 1496 ,lob
993 1464 1196 1509 scriptorem

57 1538 126 1557 csse
148 1527 265 1557 asserit
295 1525 330 1556 in
354 1525 524 1566 Prologo:
560 1534 592 1557 at
624 1538 718 1569 prior
745 1525 1017 1558 Commentarius
1051 1527 1194 1559 eundem

55 1600 73 1619 a
98 1588 204 1627 John,
229 1588 282 1619 vel
298 1587 379 1619 Johi
403 1587 518 1619 amicis
534 1588 699 1632 Syrorum
725 1587 837 1628 lingua
861 1588 1035 1632 scriptum,
1060 1601 1077 1620 a
1095 1589 1194 1621 Mose

53 1647 88 1680 'm
112 1648 315 1680 Hebraicam
346 1648 493 1689 linguam
528 1661 727 1680 conversum
762 1649 872 1681 tradit.
922 1649 1021 1682 Unde
1046 1650 1196 1682 eflicitur

54 1710 254 1742 alterutrum
278 1711 398 1742 saltem
423 1722 509 1754 opus
529 1710 684 1751 Origenis
707 1722 777 1741 non
805 1722 884 1742 csse.
922 1698 1099 1744 Neutrum?
1114 1725 1193 1744 vero

55 1772 126 1817 ejus
158 1785 228 1804 esse
259 1772 405 1804 efficitur
437 1785 475 1804 ex
510 1785 568 1811 eo,
606 1772 698 1816 quod
731 1771 856 1803 librum
880 1772 962 1805 Jobi
987 1774 1086 1806 Mose
1111 1774 1196 1806 anti-

56 1833 210 1879 quiorem
243 1846 314 1866 esse
345 1833 447 1866 tradit
482 1834 569 1866 libro
596 1834 653 1866 Vl.
689 1842 807 1865 contra
833 1834 921 1868 Cels.
946 1848 1037 1867 num.
1063 1836 1135 1875 43.,
1161 1845 1195 1868 et

56 1896 149 1939 quod
179 1895 387 1928 philocaliae
421 1896 531 1940 capite
555 1898 584 1929 5.
611 1896 716 1928 libros
750 1897 909 1928 duntaxat
942 1898 1092 1941 quinque
1117 1898 1195 1930 Mo—

56 1968 113 1988 sen
137 1956 311 2000 reliquisse
336 1957 492 1990 affirmat.
543 1958 628 1990 Cum
644 1958 798 2000 Origenis
823 1959 1021 1991 sententiam
1045 1959 1087 1991 de
1107 1959 1196 1991 side-

58 2018 149 2050 ribus
173 2031 272 2062 supra
298 2019 568 2063 exploraremus,
586 2020 616 2064 ¹)
649 2020 899 2052 observavimus
935 2020 1122 2065 animata2)
1157 2033 1195 2053 ea

159 2152 189 2193 ¹)
214 2151 299 2183 Vide
325 2153 471 2185 'son1.V
509 2154 738 2187 Commentar.
765 2155 796 2186 in
821 2156 939 2187 Joann.
966 2168 1054 2187 num.
1072 2155 1103 2189 2.

152 2208 185 2250 ²)
211 2208 298 2244 EdtL
315 2208 413 2241 fluct.
445 2210 605 2242 »animata
632 2223 669 2242 ea
688 2210 798 2254 ipsum
818 2211 1012 2251 censuisse,«
1042 2212 1094 2244 ed.
1112 2223 1190 2243 vero

62 2262 186 2296 Ruaei:
218 2263 381 2296 »animata
407 2278 476 2297 esse
502 2265 613 2309 ipsum
639 2267 835 2299 censuisse«
