1413 2482
145 112 211 149 158
478 113 591 148 Pei-m
616 113 789 147 DAuums
814 113 949 149 Hunni

141 203 306 249 scriptum
341 216 411 237 esse
446 204 486 236 ab
514 202 726 250 Hieronymo
759 203 792 237 in
818 203 970 247 Prologo
996 203 1286 250 interpretationis

142 266 373 300 Humiliarum
406 266 549 298 duarum
583 266 617 299 in
651 265 847 307 Canticum,
884 265 1071 309 Origenem
1100 266 1135 300 in
1167 267 1286 302 decem

143 329 261 362 Tomis
271 327 492 374 Septuaginta
506 328 720 373 interpretes,
732 329 902 373 Aquilam,
912 328 1165 375 Symmachum,
1173 328 1288 364 Theo-

142 391 332 431 dotionem,
357 400 391 424 et
415 390 568 436 quintam
594 391 780 424 editionem
801 391 991 434 magnifice,
1015 400 1198 438 aperteque
1222 393 1290 426 dis-

142 453 304 496 seruisse;
330 455 424 499 quod
448 467 525 487 cum
549 454 584 487 in
604 452 875 499 ψευδωνύμως,
900 467 980 500 quas
1001 464 1193 497 tractamus,
1216 455 1290 490 Ho-

142 516 245 550 miliis
268 529 339 550 non
363 527 540 563 appareat,
575 516 655 550 hinc
688 518 852 563 consequi
886 517 983 563 Opus
1016 530 1088 552 esse
1122 531 1140 552 a
1171 519 1289 552 decem

141 579 262 613 Tomis
295 579 476 616 diversum,
530 581 664 614 Verum
704 581 880 615 sciendum
915 590 982 622 est,
1016 581 1180 616 Rufinum
1211 582 1292 616 scri—

140 641 269 687 ptionis
293 642 392 688 hujus
419 655 488 676 esse
513 642 747 690 interpretem,
771 654 808 678 ut
826 658 905 678 mox
924 645 1112 687 ostendam,
1137 644 1192 679 cui
1212 659 1289 679 cum

141 705 283 740 solenne
314 706 356 739 sit
387 717 585 752 pervertere
617 708 751 749 omnia,
781 717 815 741 et
847 709 890 742 ad
921 708 1059 742 libitum
1090 721 1289 756 recoquere,

140 769 227 802 adeo
259 779 297 802 ut
330 770 460 803 Tomos
492 769 648 813 Origenis
682 770 715 804 in
749 771 932 817 epistolam
964 772 1006 806 ad
1037 772 1213 807 Romanos
1245 772 1287 806 ad

140 833 290 866 mediam
314 843 448 879 partem
473 834 714 877 coarctaverit,
740 827 813 881 (iuis
839 835 945 869 ullam
970 836 1011 870 ab
1037 849 1078 869 eo
1104 835 1209 870 fidem
1234 848 1289 870 ex-

140 896 293 941 spectet?

231 960 415 1005 Superest,
455 968 493 992 ut
523 960 686 993 Rufinum
718 959 941 1006 interpretem
974 974 1044 995 esse
1077 962 1288 997 demonstre-

140 1035 225 1056 mus.
273 1023 504 1069 Hieronymus
536 1022 572 1056 in
596 1023 749 1066 Prologo
782 1024 1012 1057 Homiliarum
1038 1025 1181 1058 duarum
1207 1026 1286 1060 Ori-

140 1085 232 1128 genis
257 1084 291 1117 in
317 1085 512 1126 Canticum,
545 1086 587 1118 de
613 1085 732 1118 decem
757 1086 987 1119 voluminibus
1014 1086 1289 1121 Commentario-

139 1162 215 1181 rum
239 1161 349 1191 agenS,
375 1161 494 1180 eorum
519 1148 838 1193 interpretationem
873 1149 920 1182 ait
950 1163 968 1182 a
998 1163 1033 1183 se
1064 1150 1167 1183 fuisse
1191 1163 1289 1196 prae-

139 1211 340 1251 termissam,
366 1211 459 1256 quod
476 1224 529 1244 res
545 1220 630 1244 esset
647 1210 789 1253 ingentis
809 1211 882 1252 otii,
898 1212 1036 1255 laboris,
1053 1222 1086 1246 et
1102 1223 1286 1248 sumtuum.

140 1276 180 1308 In
204 1274 294 1307 libro
320 1287 459 1319 quoque
484 1275 526 1307 de
547 1273 771 1319 scriptoribus
795 1275 916 1308 eccles.
941 1289 1014 1321 cap.
1033 1276 1108 1312 135.
1133 1276 1223 1310 inter
1245 1277 1287 1310 li-

139 1338 218 1371 bros
252 1337 408 1380 Origenis
442 1351 460 1371 a
485 1350 520 1371 se
546 1349 747 1378 conversos,
777 1338 906 1371 nullam
940 1337 1040 1384 hujus
1072 1339 1284 1373 mentionem

138 1400 230 1434 fecit.
278 1401 424 1434 Minime
461 1399 564 1442 igitur
600 1399 814 1446 Hieronymo
858 1400 1080 1434 adscribenda
1117 1411 1165 1436 est
1202 1402 1283 1436 haec

138 1463 386 1509 interpretatio.
435 1461 632 1496 Gennadius
665 1471 778 1495 autem
809 1464 844 1497 in
870 1464 1034 1506 Catalogo
1066 1463 1220 1498 virorum
1244 1465 1285 1498 il-

137 1526 294 1560 lustrium
321 1538 395 1571 cap.
422 1525 475 1561 18.
500 1520 687 1568 significare
713 1524 846 1559 videtur
879 1538 1101 1572 quaecunque
1126 1527 1282 1570 Origenis

138 1602 243 1634 opera
266 1588 515 1636 Hieronymum
538 1588 761 1640 interpretem
785 1601 856 1621 non
880 1587 1024 1630 habent,
1055 1589 1097 1622 ad
1121 1590 1284 1623 Rufinum

138 1665 209 1685 esse
233 1652 428 1693 referenda;
453 1650 649 1696 neutiquam
675 1663 755 1693 ergo
779 1650 935 1684 dubitare
959 1651 1051 1693 licet,
1076 1652 1158 1698 quin
1181 1652 1285 1686 inter-

136 1714 285 1759 pretatio
318 1727 356 1747 ea
387 1714 513 1748 Rufino
542 1714 722 1748 debeatur:
757 1725 835 1746 nam
859 1713 1032 1759 antiquam
1057 1728 1147 1757 esse,
1172 1725 1205 1749 et
1229 1728 1283 1749 ae-

137 1775 273 1822 qualem
297 1776 583 1823 Hieronymianae
618 1775 755 1817 aetatis,
792 1785 826 1809 et
850 1776 1030 1811 Gennadio
1055 1776 1283 1823 antiquiorem

136 1838 232 1871 stilus
256 1838 335 1872 satis
359 1838 490 1882 arguit;
515 1838 584 1885 qui,
608 1847 646 1871 ut
669 1838 734 1871 alia
759 1837 872 1871 omnia
896 1839 1208 1884 praetermitterem
1232 1853 1283 1873 ar-

135 1910 310 1944 gumenta,
354 1901 448 1934 solus
479 1901 642 1934 Rufinum
681 1900 902 1946 interpretem
940 1901 1077 1935 indicat.
1132 1901 1281 1935 Maxime

135 1976 218 1997 vero
243 1962 393 1996 indicant
417 1963 562 1997 selectae
588 1963 773 2008 quaedam,
807 1971 841 1996 et
874 1975 994 2006 magna
1020 1975 1059 1996 ex
1082 1972 1179 2009 parte
1205 1965 1281 1998 bar-

135 2027 234 2060 barae
264 2037 366 2058 voces
399 2024 525 2058 Rufino
556 2024 809 2065 usitatissimae,
850 2024 1043 2071 cujusmodi
1072 2025 1153 2059 illae
1184 2035 1276 2060 sunt:

136 2087 338 2128 »attitulare,
364 2096 611 2132 competenter,
636 2086 841 2132 complecti«
875 2085 910 2120 in
934 2086 1179 2130 significatione
1202 2099 1278 2134 pns-

135 2151 222 2186 siva:
255 2161 421 2191 measure,
446 2157 642 2189 creatura,«
676 2161 739 2194 pro
766 2148 910 2182 creatio:
947 2148 1192 2196 »incorr-aptio,
1216 2163 1278 2184 nu-

135 2212 332 2254 merositas,
364 2211 615 2251 observantiae,
655 2211 891 2252 observanter,
922 2211 1187 2257 participium,«
1212 2224 1277 2258 pro

136 2289 198 2318 eo,
225 2275 319 2321 quod
344 2283 410 2314 est,
433 2272 536 2319 partis
561 2272 719 2318 adeptio:
755 2273 985 2318 »pretiositas,
1020 2273 1276 2314 rationabiliter,

135 2338 312 2377 refutarem
339 2348 402 2381 pro
419 2336 584 2369 abnuere:
606 2335 837 2380 »sequestrat-i,
859 2335 1128 2378 significantiae«
1169 2333 1275 2379 Quod
