1422 2472
388 132 703 165 Omeemmoaum
738 131 849 164 Lmen
876 131 919 164 11.
1150 131 1192 166 67

59 219 113 252 cui
138 219 282 252 libenter
305 219 540 260 incumbebat,
565 220 639 253 zelo
665 220 815 264 ejusdem
838 218 978 252 Joannis
1003 220 1193 261 damnavit;

59 281 261 326 tandemque
288 282 446 315 damnato
472 284 620 322 Joanne‚
654 281 732 327 quia
762 294 798 314 se
821 294 838 313 a
863 280 1010 314 lectione
1036 281 1195 323 Origenis-

58 355 128 375 non
152 342 315 384 cohibuit,
342 357 454 376 rursus
478 344 548 388 ipse
575 343 714 377 lectioni
740 341 897 384 Origenis
923 341 1072 387 ejusdem
1096 342 1192 374 incu-

59 404 182 437 buitm.
214 404 302 438 Hinc
328 405 508 438 existimari
533 415 658 449 potest,
682 414 804 449 quanta
821 404 952 437 vafritie
970 404 1190 448 Theophilus,

60 478 122 509 per
144 466 299 510 speciem⁴
316 466 501 500 insectandi
526 466 730 508 Origenismi
762 465 906 510 privatas
928 465 1116 498 simultates
1139 466 1193 498 ul-

61 536 112 559 tus
138 527 199 569 sit;
230 527 330 560 facile
361 527 558 572 praesertim
589 527 734 572 receptis
765 528 869 571 paulo
894 535 969 558 ante
994 526 1027 558 in
1050 526 1191 569 gratiam

61 587 277 631 Origenistis:
310 590 370 622 sed
393 599 432 622 ut
454 590 488 622 in
514 599 635 634 coepta
659 599 770 622 tamen
794 587 1010 622 simulatione
1034 600 1190 632 perseve-

58 659 158 690 raret,
180 650 295 684 stilum
320 651 385 685 hoc
408 652 494 696 ipso,
519 660 552 683 et
568 660 734 695 sequente
751 660 924 696 praeterea
947 661 1034 682 anno
1060 661 1191 682 summa

59 711 236 756 asperitate
270 722 303 745 et
334 713 571 746 maledicentia
595 712 744 745 exercuit
766 712 923 745 adversus
949 711 1131 753 Origenem
1157 711 1194 744 iu

59 773 212 818 epistolis
234 774 470 816 Paschalibus„
487 788 566 820 quas
592 775 693 807 latine
719 774 875 819 exposuit
890 774 1130 819 Hieronymus,
1155 773 1191 805 in

56 836 232 869 abolendis
256 837 520 878 origenistarum
552 837 723 869 erroribus
747 836 943 881 Theophilo
969 835 1193 869 consentiens.

144 897 276 932 XXllI.
324 901 423 931 Anno
449 899 574 932 Christi
595 898 672 933 412.
698 897 842 930 decessit
865 898 1088 942 Theophilus,
1113 898 1192 931 reli-

61 967 117 992 cto
142 969 220 992 cum
244 959 396 1004 epistolis
419 960 636 1001 paschalibus
660 959 777 1002 grandi
802 959 985 999 volumine,
1011 960 1044 993 in
1070 959 1192 1004 quibus

60 1034 157 1053 suum
200 1022 357 1055 adversus
402 1022 585 1064 Origenem
626 1023 677 1054 vel
723 1035 858 1062 verum,
908 1022 960 1054 vel
997 1021 1190 1055 simulatum

60 1083 179 1116 odium
201 1083 385 1124 insignibus
409 1083 639 1116 monumentis
664 1083 834 1128 expressit.
881 1083 935 1115 De
958 1095 999 1115 eo
1018 1083 1192 1116 volumine

61 1144 108 1177 sic
139 1145 336 1178 Gennadius
367 1145 440 1178 libr.
480 1146 522 1178 de
559 1145 620 1178 vir.
652 1146 774 1178 illustr.
831 1144 1002 1189 »Scripsit
1033 1146 1193 1178 adversus

61 1205 244 1248 Origenem
267 1218 371 1238 unum
397 1216 430 1238 et
453 1207 575 1248 grande
601 1207 771 1246 volumen,
797 1205 831 1238 in
856 1219 924 1251 quo
949 1207 1063 1239 omnia
1086 1219 1193 1251 paene

63 1268 133 1312 ejus
159 1267 258 1307 dicta,
284 1277 318 1300 et
339 1268 452 1312 ipsum
475 1268 602 1312 pariter
623 1269 776 1310 damnat3
800 1267 960 1301 similiter
973 1269 1098 1300 docens
1121 1281 1191 1301 nou

61 1342 79 1362 a
102 1341 137 1362 se
163 1342 238 1362 eum
263 1329 437 1375 primum,
461 1330 519 1362 sed
551 1331 591 1362 ab
623 1330 767 1374 antiquis
791 1329 967 1369 Patribus,
992 1339 1024 1362 et
1049 1329 1194 1362 maxime

62 1391 207 1424 Heracla
228 1391 333 1423 fuisse
356 1400 389 1423 et
421 1404 438 1423 a
468 1392 678 1437 presbyterio
711 1391 874 1437 ejectum,
911 1400 946 1423 et,
977 1392 1023 1424 de.
1051 1391 1192 1430 ecclesia

61 1453 208 1497 pulsum,
234 1462 266 1485 et
282 1453 330 1485 de
357 1452 490 1485 civitate
523 1454 707 1495 fugatum.ae‹
758 1453 875 1486 Refert
899 1465 936 1485 ex
963 1452 1096 1485 Isidoro
1123 1453 1193 1485 dia-

63 1527 149 1547 cono
173 1515 322 1547 Joannes
344 1514 583 1555 Damascenus,
607 1515 840 1560 Theophilum
865 1514 968 1547 morti
987 1514 1192 1558 proximum,

63 1589 139 1609 cum
163 1585 308 1620 propter
329 1575 509 1608 admissum
543 1577 577 1608 in
608 1577 749 1610 Joannis
781 1590 893 1610 caussa
916 1586 1113 1621 peccatum,
1134 1589 1193 1608 ,ex-

61 1638 175 1671 halare
197 1637 356 1682 spiritum
378 1650 448 1670 non
472 1647 596 1682 posset,
623 1640 736 1671 oblata
762 1639 825 1683 ipsi
853 1638 1087 1684 Chrysostomi
1110 1638 1194 1671 ima-

62 1700 137 1743 gine
163 1709 195 1733 et
218 1700 356 1732 adorata
380 1700 490 1733 statim
523 1700 670 1733 animam
701 1700 814 1742 egisse.
870 1700 985 1733 Nihilo
1017 1700 1195 1733 seciusta-

61 1774 140 1795 men
163 1761 234 1807 ejus
257 1761 382 1794 famam
407 1761 592 1794 lancinavit
616 1761 782 1807 Cyrillus,
807 1762 990 1806 Theophili
1024 1771 1194 1804 cognatus.

64 1826 112 1856 At
135 1836 210 1856 cum
237 1822 385 1856 animum
410 1823 516 1868 ipsius
540 1823 692 1866 mitigare
717 1825 865 1857 studenti
889 1824 1003 1856 Attico
1031 1824 1194 1857 Constan-

63 1884 295 1930 tinopolitano
329 1885 493 1930 episcopo
531 1895 712 1930 perpetuas
749 1900 820 1919 sese
853 1899 929 1918 cum
962 1885 1195 1930 Chrysostomi

65 1947 200 1980 nomine
224 1946 416 1980 inimicitias
438 1957 608 1990 gesturum
626 1948 772 1994 Cyrillus
787 1948 1020 1987 renuntiasset,
1045 1948 1079 1980 in
1103 1960 1195 1981 aeres

67 2008 188 2041 Isidori
211 2008 406 2042 Pelusiotae
432 2008 683 2054 objurgationes
710 2010 867 2043 incurrit:
892 2020 926 2042 et
949 2011 990 2042 ad
1014 2009 1194 2043 meliorem

66 2070 201 2102 tandem
230 2080 407 2103 revocatus
438 2081 587 2104 mentem
621 2085 696 2104 cum
726 2071 867 2104 Joannis
896 2071 1061 2104 memoria
1091 2071 1195 2104 rediit

66 2130 102 2163 in
123 2130 273 2172 gratiam,
295 2145 488 2177 nomenque
519 2133 624 2177 ipsius
655 2134 836 2179 Diptychis
860 2133 1008 2167 inseruit.
1060 2134 1197 2178 Anna).-

67 2205 140 2224 mus
167 2192 398 2237 chrysostomi
423 2195 508 2227 vittae
534 2195 680 2239 scriptor
704 2195 737 2227 in
762 2196 891 2228 somnis
907 2195 1075 2227 monitum
1101 2207 1118 2226 a
1134 2193 1195 2226 Jo-

67 2267 151 2287 anne
177 2253 346 2300 Cyn-illum
366 2257 563 2288 sententiam
591 2265 734 2290 nmmsse
757 2267 880 2296 narrat,
904 2258 1014 2300 deque
1029 2255 1099 2301 ejus
1124 2255 1196 2300 pie-

68 2326 133 2349 tate
166 2325 200 2347 et
236 2315 423 2356 integritate
454 2317 583 2351 saniora
619 2319 767 2352 sensisse.
826 2319 946 2351 Relato
980 2316 1051 2361 ejus
1075 2316 1109 2349 in
1133 2317 1196 2349 Di·

955 2379 1006 2411 5*
