1413 2482
213 91 277 126 402
545 90 578 122 S.
612 88 790 121 mmmm
825 87 1012 120 MARTYRJS

215 179 319 213 dubio
346 178 546 217 invenietur,
563 180 593 222 ¹)
619 178 711 222 quod
736 177 835 210 simul
861 177 959 210 etiam
984 177 1074 217 illae,
1100 188 1183 221 quac
1209 176 1349 210 naturali

216 242 345 274 ratione
377 240 559 273 seminibus
599 239 742 272 insertae
771 241 948 284 inerant2)
982 239 1130 278 animae,
1171 238 1349 271 exstinciav

217 305 283 336 sint
307 303 432 348 pariter
457 313 489 335 et
514 294 704 346 corruptae,
755 301 833 334 Sive
866 314 944 344 ergo
971 314 1008 333 ex
1034 300 1261 334 insufflatione
1286 301 1351 333 Dei

218 366 302 405 sint,
326 365 395 397 sive
419 366 460 397 ab
484 378 549 397 una
574 364 642 404 illa,
667 376 751 408 quae
775 364 884 408 prima
908 365 995 397 sacta
1020 373 1079 405 est,
1103 362 1290 396 necessario
1314 363 1355 394 si—

220 428 291 460 mul
317 440 392 459 cum
419 426 621 471 corporibus
646 435 924 470 corrumpentur,
956 427 984 458 si
1015 426 1155 458 eandem
1181 438 1255 457 cum
1283 437 1357 456 cor-

221 488 363 534 poribus
388 488 488 521 etiam
515 487 679 531 originem
704 497 841 520 sumunt
871 487 1057 520 secundum
1081 488 1234 532 ipsorum
1257 485 1357 518 ratio-

223 565 312 585 nem.
359 553 426 584 Aut
452 550 539 583 enim
564 550 647 583 nihil
673 550 812 583 omnino
839 563 877 582 ex
890 550 1086 582 rationabili
1103 559 1202 594 atque
1219 549 1359 582 immor-

224 613 283 646 tali
306 612 416 645 anima
441 612 700 658 participavit³)
725 612 823 651 illud,
848 613 940 657 quod
965 613 1073 645 adhuc
1094 612 1128 644 in
1144 619 1261 643 ventre
1286 623 1361 642 cor-

227 685 364 721 ruptum
391 684 450 715 est,
476 684 508 707 et
531 675 666 719 repulsa
692 675 749 707 illa
773 675 858 707 ratio
877 685 936 714 est,
962 687 1045 720 quae
1060 675 1204 707 affirmat
1229 685 1300 705 eam
1327 672 1359 704 in

227 738 364 771 seminis
388 737 524 770 traduce
549 735 650 769 simul
675 749 750 768 cum
770 737 977 781 'corporibus
1008 736 1220 769 seminatam:
1254 744 1309 767 aut
1335 734 1362 766 si

229 800 420 845 participat,
445 799 622 831 necessitas
645 799 799 831 imminet
823 799 976 830 confiteri
998 799 1175 831 mortalem
1200 810 1270 830 esse
1295 796 1364 829 ani-

229 875 335 895 mam:
361 861 454 906 quod
480 860 562 893 sides
578 859 610 904 ⁸)
635 860 751 905 utique
775 869 888 893 nostra
911 873 978 892 non
1012 859 1142 903 recipit.
1190 859 1365 891 Verumta-

230 937 308 957 men
339 923 419 969 quid
453 932 520 962 est,
554 923 645 967 quod
679 936 717 955 ex
750 922 799 955 his
833 921 989 954 omnibus
1022 920 1156 954 ostendi
1187 919 1366 952 volumus?

234 986 324 1019 lllud
348 985 523 1029 profecto,
559 985 651 1029 quod
683 985 768 1017 sicut
803 996 876 1023 eos,
911 983 969 1028 qui
993 995 1093 1014 unam
1117 982 1298 1027 quamlibet
1326 983 1366 1013 de

234 1049 297 1091 his,
321 1060 400 1093 quas
426 1060 526 1091 supra
550 1046 775 1090 exposuimus,
801 1045 998 1090 opinionem
1017 1057 1127 1077 veram
1148 1053 1276 1089 putant,
1301 1057 1367 1076 non

236 1121 326 1144 recta
350 1110 481 1142 ratione
506 1109 691 1141 haereticos
724 1108 796 1153 quis
827 1107 994 1152 appellat,
1027 1119 1090 1151 pro
1117 1119 1169 1146 eo,
1195 1107 1287 1152 quod
1312 1119 1368 1138 ne-

237 1186 302 1217 que
328 1185 365 1205 ex
390 1170 511 1204 divinis
537 1169 721 1215 Scripturis
753 1169 835 1202 certi
867 1169 995 1214 aliquid
1027 1169 1068 1200 de
1101 1168 1150 1201 his
1186 1168 1239 1200 vel
1264 1168 1368 1200 mani-

238 1238 321 1268 feste
347 1234 474 1267 dictum
500 1246 569 1266 esse
594 1233 764 1272 videatur,
796 1244 905 1276 neque
929 1231 963 1263 in
987 1230 1237 1274 praedicatione
1263 1231 1370 1262 eccle-

240 1298 370 1330 siastica
396 1295 580 1329 contineri:
612 1295 658 1327 ita
690 1306 799 1339 neque
834 1294 922 1325 hune
953 1292 1061 1324 virum
1094 1292 1223 1337 culpari
1246 1291 1370 1337 justum

243 1369 302 1399 est,
326 1359 542 1392 disserentem
575 1357 667 1402 quod
701 1356 763 1389 sibi
797 1356 903 1388 visum
929 1364 994 1394 est,
1018 1355 1160 1387 maxime
1185 1368 1260 1387 cum
1285 1354 1371 1386 illud

244 1422 426 1467 praecipue
449 1419 651 1459 servaverit,
684 1418 775 1463 quod
799 1418 833 1450 in
859 1416 998 1449 ecclesia
1021 1417 1063 1449 de
1089 1417 1218 1450 animae
1243 1417 1373 1449 confes-

242 1486 337 1517 sione
361 1482 485 1516 servari
510 1470 761 1525 0n1ni1i20di55)
787 1480 906 1519 debet,
929 1479 963 1512 id
989 1488 1055 1518 est,
1086 1492 1127 1511 ne
1151 1479 1296 1511 diversas
1319 1491 1375 1511 na-

245 1556 334 1579 turas
367 1558 436 1579 esse
469 1544 595 1577 diceret
626 1543 828 1586 animarum:
863 1541 942 1586 quin
975 1541 1044 1573 imo
1081 1550 1113 1572 et
1144 1540 1291 1573 dicentes
1323 1553 1373 1572 re-

246 1608 393 1651 darguit,
433 1616 466 1640 et
496 1605 686 1646 vehementi
717 1605 897 1638 assertione
929 1602 1104 1636 convincit.
1157 1603 1231 1648 lpse
1263 1612 1374 1635 autem

345 1778 376 1822 ¹)
402 1778 487 1810 Edd‚
514 1777 561 1809 M.
588 1774 788 1815 ‚,invenitur‚
814 1774 904 1818 quod
931 1772 1029 1805 simul
1054 1770 1132 1804 illae
1157 1773 1279 1805 etiam“
1311 1781 1372 1806 etc.

343 1834 376 1878 2)
402 1834 488 1866 Edd.
515 1833 564 1865 Μ.
589 1835 738 1872 ,,εῐ·ειῐη,“

345 1891 378 1936 ³)
403 1889 496 1923 Editi
521 1890 567 1933 (v.
594 1901 620 1920 c.
646 1888 722 1922 edd.
741 1887 806 1932 Μ.)
831 1885 1069 1930 „participabit
1093 1886 1126 1918 id
1153 1885 1242 1930 quod
1267 1884 1374 1916 adbuc

252 1950 286 1982 in
311 1956 424 1980 ventre
455 1954 630 1989 receptum
663 1953 729 1983 est,
761 1952 794 1975 ct
822 1943 956 1986 repulsa
988 1952 1035 1975 cst
1060 1942 1117 1975 illa
1140 1941 1244 1981 ratio,
1269 1943 1375 1985 quae“

253 2016 316 2040 etc.
343 2004 453 2039 Codd.
476 2000 683 2037 Sorbonicus
710 2008 742 2031 et
765 2000 799 2032 S.
824 1999 998 2033 Michafilis
1023 2000 1056 2031 in
1081 1998 1234 2044 periculo
1259 1996 1376 2029 maris:

252 2059 486 2107 „participavit
509 2059 542 2092 id
567 2058 658 2102 quod
682 2056 789 2089 adhuc
813 2055 846 2087 in
867 2065 979 2088 ventre
1000 2064 1162 2099 corrupto
1188 2063 1246 2094 est,
1271 2062 1303 2085 et
1327 2065 1377 2084 re-

255 2120 349 2165 pulsa
374 2127 423 2150 est
446 2116 504 2149 illa
528 2114 632 2157 ratio,
664 2117 768 2157 quae“
800 2121 860 2144 etc.
911 2112 1024 2145 Ceteri
1056 2125 1134 2145 vero
1172 2111 1251 2145 Mss.
1283 2109 1375 2142 utin

948 2162 953 2176 Ι

255 2186 368 2209 nostro
394 2183 496 2207 textu.
521 2172 562 2205 R.

344 2231 378 2274 ⁴)
404 2230 491 2262 Edd.
517 2228 565 2261 M.
588 2227 693 2269 „fides
717 2236 829 2259 nostra
853 2226 989 2271 utique“
1017 2235 1076 2259 etc.

347 2290 379 2333 )
404 2288 490 2322 Edd.
513 2284 766 2328 ‚,omnimode.“
