1413 2482
205 46 272 82 370
545 47 578 78 S.
606 46 784 79 mmmm
811 47 998 81 MAnTxms

210 151 286 170 eum
304 137 335 181 ¹)
361 147 428 168 osse
455 144 589 168 natum:
617 136 708 180 quod
745 137 928 181 Apostolus
960 138 1147 182 praesciens
1178 140 1221 171 ita
1247 152 1342 184 prae·

211 198 310 232 dixit:
348 197 434 230 Cum
448 196 486 240 ²).
507 206 619 230 nutem
646 197 735 230 venit
760 198 938 243 plenitudo
963 201 1225 246 temporum‚³)
1250 202 1338 234 misit

209 262 303 294 Deus
327 260 456 292 Filium
479 272 597 301 suum,
623 260 748 292 factum
773 273 810 292 cx
835 260 997 302 muliere,
1022 262 1146 294 Iactum
1170 263 1232 296 sub
1258 263 1341 305 iege,

209 333 246 356 ut
271 335 340 362 eos,
364 321 422 366 qui
449 322 510 354 sub
536 322 608 364 lege
635 332 739 363 erant,
762 322 955 357 redimeret.
1006 323 1126 364 Vides,
1162 323 1240 368 quia
1271 337 1339 357 non

210 384 308 418 dixit:
334 385 460 416 sactum
484 396 546 427 per
569 383 767 423 mulierem,
799 385 876 417 sed:
909 385 1080 429 sactum⁴)
1106 398 1144 417 ex
1168 385 1344 419 muliere.‘¹

299 444 579 480 PAMPHILUS.
617 444 710 488 Quid
725 455 792 478 tam
812 445 986 478 evidenter
1005 456 1062 479 aut
1078 447 1217 489 integre,
1241 460 1341 492 quam

210 521 247 541 ex
272 507 323 540 his
348 506 525 547 omnibus,
548 519 632 551 quae
657 507 808 552 scripsit,
834 507 1121 554 confirmatur?⁵)
1155 510 1343 542 Confirma-

210 580 264 603 tur
286 570 327 602 ab
353 581 392 601 eo
419 577 452 600 ct
477 567 739 601 Dominicorum
764 578 934 611 gestorum
960 569 1097 612 veritas,
1130 582 1162 603 et
1186 571 1343 604 historiae

209 631 460 676 scripturarum
499 630 594 664 tides.
655 631 724 664 Sed
768 642 1011 676 persequamur
1052 634 1343 678 consequenter-⁶)

210 694 310 727 etiam
336 693 410 733 alia,
436 692 468 725 in
502 692 623 737 quihus
656 702 830 725 accusatur
862 692 955 738 quasi
987 693 1072 726 duos
1110 694 1261 728 Christos
1292 695 1341 727 di·

209 769 303 796 eens,
332 768 437 787 unum
470 754 582 787 Deum
619 752 786 794 Verbum,
819 763 851 786 et
881 754 985 787 alium
1017 755 1134 789 Jesum
1160 756 1341 798 Christum,

210 818 266 862 qui
291 830 328 849 ex
355 815 461 849 Maria
486 825 580 848 natus
605 825 666 849 cst.

332 920 561 971 Responsio
597 920 646 958 ad
683 920 858 972 quintam
890 921 1215 961 criminationem.

409 1012 515 1056 Quod
528 1013 562 1056 ⁷)
585 1025 671 1044 unus
697 1021 745 1044 est
767 1012 918 1045 Christus
932 1012 1041 1046 Filius
1065 1013 1142 1049 Dei,

523 1089 572 1122 Ex
596 1089 708 1135 primo
736 1090 823 1122 libro
850 1092 891 1124 de
916 1091 1023 1125 Esaia.

299 1181 546 1217 ORIGENES.
583 1180 753 1225 „Sicut⁸)
778 1181 860 1214 dicit
873 1181 906 1226 ⁹)
934 1182 1143 1226 Apostoius:
1170 1181 1341 1227 Quoniam

305 1312 337 1355 ¹)
363 1310 453 1344 Alias
483 1311 530 1354 (v.
562 1324 589 1342 c.
623 1310 656 1342 in
693 1311 771 1346 edd.
802 1310 868 1354 M.)
903 1323 998 1343 »eum
1032 1319 1178 1352 natum‚«
1214 1310 1339 1344 omisso

211 1370 331 1390 »essem
359 1356 400 1390 R.
495 1356 528 1399 ²)
555 1356 665 1388 Galat.
691 1356 748 1394 lV,
773 1356 803 1390 4.
828 1357 859 1389 5.

300 1413 334 1457 ³)
360 1412 468 1445 Alias:
497 1411 709 1456 »temporis«
737 1412 776 1445 R.
802 1434 845 1441 -
872 1411 941 1445 Cfr.
967 1410 1043 1444 Gal.
1067 1411 1124 1454 JV,
1149 1412 1181 1446 4.

297 1469 334 1513 ⁴)
358 1469 434 1503 Gal.
459 1467 520 1508 lV,
544 1468 575 1501 4.

298 1527 331 1570 ⁵)
357 1526 438 1559 Mss.
465 1534 498 1557 et
521 1523 602 1556 editi
635 1524 682 1568 (v.
709 1525 838 1564 c.-edd.
864 1524 930 1567 M.)
962 1523 1066 1556 semel
1100 1525 1336 1557 tantummodo

205 1572 328 1605 habent
360 1572 499 1603 verbum
535 1570 816 1611 »confirmatur;«
854 1570 913 1602 sed
945 1568 1166 1613 repetendum
1193 1569 1335 1604 videtur.

204 1618 245 1650 R.
271 1637 312 1643 -
337 1616 423 1649 Edd.
449 1617 497 1649 M.
522 1615 602 1647 ha'ec
627 1615 769 1648 habent:
797 1613 960 1659 »scripsit,
984 1614 1201 1647 confirmatur
1225 1616 1267 1647 ab
1292 1629 1333 1648 eo

206 1682 259 1703 -‚
285 1672 318 1694 et
343 1662 499 1694 historiae
526 1681 566 1685 —
592 1660 700 1694 fides?
723 1661 811 1694 Sed«
839 1670 901 1693 etc.

296 1720 329 1761 6)
356 1717 447 1750 Editi
478 1719 525 1762 (v.
556 1731 582 1750 c.
617 1718 693 1750 edd.
725 1717 792 1761 M.)
831 1726 1097 1760 »consequenter
1128 1715 1228 1747 etiam
1254 1717 1333 1749 reli-

204 1776 280 1808 qua,
305 1763 336 1795 in
362 1763 482 1806 quibus
509 1784 549 1789 —
576 1762 725 1795 Christos
758 1762 896 1801 dixerit,
929 1773 1034 1793 unum
1066 1760 1132 1792 Dei
1159 1762 1330 1800 verbum,«

202 1818 264 1841 etc.
313 1809 422 1841 Codd.
455 1807 664 1841 Sorbonicus
700 1816 732 1839 et
762 1808 797 1841 S.
833 1805 1022 1839 Michaelis:
1067 1817 1334 1851 »consequenter

203 1854 302 1886 etiam
326 1853 454 1897 aliqua,
486 1853 519 1885 in
556 1853 677 1897 quibus
708 1861 880 1884 accusatur
910 1851 1081 1883 affirmare
1116 1852 1210 1895 quasi
1245 1854 1332 1884 dnos

201 1898 351 1932 Christos
376 1898 504 1930 dicens:
530 1911 634 1930 unum
658 1898 770 1930 Deum
797 1898 975 1937 Verbum,==
1006 1906 1068 1930 etc.
1111 1896 1225 1930 Ceteri
1250 1910 1329 1930 vero

201 1945 282 1978 Mss.
306 1954 341 1976 ut
367 1943 401 1975 in
427 1951 528 1976 textu.
555 1943 594 1975 R.

293 2001 326 2044 τ)
352 2000 408 2033 Sic
434 2011 548 2030 omnes
569 1999 647 2031 Mss.
673 1997 764 2030 Editi
792 2011 869 2030 vero
896 2000 942 2042 (v.
962 2011 989 2031 c.
1009 1998 1084 2031 edd.
1100 1998 1175 2041 M..)
1203 1999 1327 2043 »Quod

199 2059 283 2078 unus
325 2046 367 2078 sit
404 2043 552 2078 Christus
590 2043 680 2075 filius
715 2043 790 2076 Dei.
849 2044 898 2076 Ex
941 2044 1028 2076 libro
1076 2043 1187 2087 primo
1228 2058 1328 2089 super

199 2091 359 2125 Esaianm(
389 2090 427 2122 R.
1027 2113 1041 2126 0

289 2147 322 2191 ⁸)
348 2147 511 2179 Desuntta
543 2154 616 2177 sunt
649 2144 728 2177 {iaec
762 2147 862 2178 verba*
893 2159 929 2178 ex
962 2145 1017 2177 lib.
1044 2144 1067 2177 I.
1105 2143 1138 2176 iu
1169 2144 1324 2177 Jesaiam.

197 2194 265 2226 Csr.
291 2194 342 2225 ed.
368 2201 470 2224 nostr.
497 2191 597 2225 Tum.
622 2191 716 2223 ΧΙΙΙ.
743 2204 814 2235 pag.
840 2191 915 2225 235.

287 2250 321 2292 ⁹)
347 2248 473 2281 Omnes
504 2248 582 2281 Mss.
613 2246 717 2280 nostri
750 2247 911 2281 omittunt
942 2247 1057 2279 verba:
1093 2245 1205 2279 »Sicut
1239 2247 1321 2279 dicit
