1413 2482
180 106 246 143 150
514 105 630 140 Perm
656 105 830 138 Dameus
855 105 990 139 numu

180 196 380 242 pretationis
413 197 512 241 liujus
549 205 723 229 auctorem
756 195 909 238 agnoscit
939 195 1099 229 Erasmus
1129 195 1164 228 in
1188 195 1326 229 Censur.

182 260 258 294 libr.
285 258 460 300 Origenis;
486 267 519 290 at
535 258 789 292 Praefationem
816 257 995 291 confictam
1019 269 1039 290 a
1061 256 1271 303 Bibliopolis
1297 266 1330 291 et

181 321 394 367 suppositam
420 320 598 362 existimat,
623 320 754 354 idcirco
773 320 867 365 quod
884 319 1100 354 soloecismis
1117 327 1154 353 et
1163 320 1329 355 sermonis

181 382 319 428 ineptiis
349 391 494 423 scateat,
528 392 561 416 et
585 383 679 428 quod
705 381 874 416 Humilias
905 381 984 415 istas
1014 381 1050 415 in
1073 381 1180 416 Josue
1203 391 1330 417 extem-

180 445 317 491 porales
362 458 432 478 esse
468 444 651 487 significet,
691 457 771 477 cum
810 443 936 477 scribat
972 452 1086 478 tamen
1123 443 1330 486 Athanasius,

181 507 479 550 diligentissimum
497 506 683 550 Origenem
707 505 820 541 fuisse.
868 505 997 540 Futilia
1021 518 1100 540 saue
1124 516 1329 549 argumenta.

183 569 290 614 Quasi
321 582 391 603 non
422 569 615 603 orationem
651 582 746 603 suam
777 568 1023 612 stribliginibus
1048 581 1187 615 quoque
1220 568 1331 615 inqui-

180 631 311 678 naverit
334 632 497 676 Rufinus3
529 631 622 678 quasi
647 646 716 666 non
749 631 907 665 homilias
939 639 974 665 et
1002 644 1041 665 ex
1066 640 1225 677 tempore
1249 645 1331 677 pro-

180 695 386 728 nuntiaverit
410 695 594 738 Origenes,
630 705 664 728 et
687 708 753 740 per
775 694 884 728 otium
910 694 1158 735 lucubraverit,
1183 703 1221 728 ut
1242 693 1332 728 infra

181 757 503 792 demonstrabimus,
540 759 634 791 Haec
647 757 780 806 Erasini
802 769 942 790 censura
963 756 1182 802 quantumvis
1204 756 1333 802 inepta,

180 820 389 865 ineptiorem
437 820 539 853 etiam
583 820 679 853 istam
723 833 741 852 a
777 818 1126 862 Magdeburgensibus
1169 818 1332 863 expressit

182 883 320 917 Centur.
346 883 409 916 III.
437 896 507 928 cap.
534 882 586 917 10.
626 883 684 916 »In
712 883 838 916 librum
861 883 943 916 Jesu
965 882 1059 916 Nave
1084 879 1258 914 Humiliae
1275 880 1330 916 26.

180 954 372 991 supersunt,
398 958 478 990 quas
503 958 573 978 non
598 958 669 978 esse
689 944 847 988 Origenis
864 944 1024 977 Erasmus
1048 942 1189 989 judicat,
1213 955 1252 976 ex
1276 956 1332 976 so-

181 1007 352 1041 loecismis
378 1007 587 1048 dictionum,
612 1016 645 1040 et
670 1006 886 1041 locutionum
909 1005 1181 1051 improprietate,
1206 1014 1240 1039 et
1262 1019 1331 1041 ser-

178 1070 290 1102 monis
327 1069 481 1115 ineptiis;
525 1069 607 1102 item
644 1082 683 1102 ex
719 1069 859 1111 singulis
895 1066 1089 1111 allegoriis;
1123 1076 1198 1101 tum
1235 1069 1329 1113 quod

178 1132 409 1179 Hieronymus
435 1131 468 1164 in
494 1130 658 1173 Catalogo
684 1131 904 1176 Scriptorum
939 1129 1070 1163 nullam
1094 1129 1195 1175 hujus
1218 1131 1331 1175 operis

179 1194 392 1227 mentionem
418 1193 552 1227 faciam(
603 1193 709 1237 Quod
743 1194 785 1226 de
809 1192 1027 1226 praefatione
1052 1191 1138 1225 dixit
1160 1191 1330 1234 Erasmus,

181 1258 222 1289 de
256 1256 419 1290 Homiliis
457 1256 585 1289 dictum
625 1255 777 1289 arbitrati
809 1264 886 1288 sunt
917 1255 1235 1297 Magdeburgenses.
1290 1256 1331 1288 Id

182 1319 282 1360 longe
322 1319 418 1352 abest
453 1319 494 1351 ab
527 1318 660 1351 Erasmi
695 1317 878 1352 sententia:
917 1330 995 1350 nam
1033 1319 1100 1350 hoe
1132 1326 1330 1360 argumento

182 1380 435 1425 supposititiam
463 1390 561 1425 putat
577 1380 843 1420 praefationem,
868 1392 937 1413 non
956 1379 1049 1424 quod
1067 1379 1237 1413 Homilias
1254 1379 1331 1414 istas

183 1442 323 1485 Origeni
348 1444 434 1476 salso
461 1443 532 1488 ipsa
557 1443 734 1483 adscribat,
759 1443 818 1475 sed
844 1443 937 1487 quod
961 1455 999 1475 ex
1024 1451 1180 1488 tempore
1198 1442 1329 1488 abipso

181 1505 336 1538 recitatas
362 1506 464 1538 fuisse
490 1497 622 1538 doceat.
672 1505 762 1538 Tum
788 1505 897 1538 addit:
934 1504 1015 1538 »His
1031 1503 1200 1549 adjiciam,
1225 1506 1329 1551 quod,

181 1577 218 1600 ut
259 1567 489 1614 Hieronymus
526 1569 561 1600 in
599 1568 763 1616 Catalogo
804 1567 1022 1612 Scriptorum
1065 1567 1195 1601 nullam
1231 1568 1329 1615 hujus

183 1630 308 1674 Operis
333 1630 414 1663 facit
438 1631 661 1672 mentionem,
686 1631 731 1664 ita
749 1630 892 1663 Rufinus
917 1629 951 1662 in
967 1629 1202 1671 Peroratione,
1226 1644 1327 1676 quam

181 1693 284 1736 paulo
304 1703 380 1725 aute
406 1694 593 1736 citavimus,
618 1694 800 1739 profitetur
824 1706 858 1725 se
876 1692 974 1738 hujus
989 1691 1078 1732 libri,
1105 1701 1138 1725 et
1155 1695 1325 1740 sequentis

181 1755 343 1788 Judicum
375 1756 635 1801 interpretem.«
686 1756 744 1789 Ait
775 1757 952 1795 Erasmus,
983 1768 1088 1800 opera
1120 1769 1180 1789 sua
1210 1769 1327 1790 recen-

179 1827 310 1850 sentem
329 1819 577 1865 Hieronymum
602 1819 634 1851 iu
651 1819 814 1862 Catalogo
830 1818 1046 1864 Scriptorum
1068 1818 1198 1852 nullam
1222 1819 1327 1854 inter-

179 1880 380 1925 pretationis
419 1882 517 1927 hujus
555 1882 672 1916 secisse
709 1882 936 1924 mentionem
974 1881 1135 1914 Rufinum
1171 1894 1252 1915 vcro
1291 1883 1326 1916 in

180 1943 404 1976 Perorationc
436 1944 588 1990 subjecta
613 1943 874 1978 Commentariis
903 1944 1060 1987 Origenis
1091 1944 1126 1977 in
1158 1944 1256 1990 epist.
1282 1946 1324 1979 ad

180 2006 366 2046 Romanos,
390 2019 425 2039 se
450 2006 520 2053 ejus
546 2017 720 2040 auctorem
747 2020 818 2040 esse
842 2007 1045 2052 professum.
1078 2009 1192 2053 Atque
1216 2007 1263 2041 ait
1288 2007 1323 2041 id

182 2067 339 2113 quidem,
364 2078 401 2101 ut
426 2069 608 2110 Rufinum,
638 2083 708 2102 non
734 2069 1001 2116 Hieronymum,
1035 2069 1323 2115 interpretationis

180 2130 280 2177 liujus
303 2140 480 2164 auctorem
505 2144 575 2164 esse
600 2133 742 2177 probet;
779 2145 848 2164 non
873 2142 910 2164 ut
934 2132 1020 2165 salso
1044 2131 1212 2166 Homilias
1236 2132 1322 2178 ipsas

181 2193 386 2227 Adamantio
411 2193 557 2228 adscribi
584 2194 810 2234 demonstret,
841 2196 934 2240 quod
959 2204 1163 2240 putaverunt
1185 2195 1324 2237 Magda-

182 2257 376 2299 burgenseS.
424 2256 481 2290 Sic
507 2257 644 2288 demum
669 2257 865 2290 concludit:
900 2258 1013 2291 »Haec
1037 2258 1194 2303 pluribus
1217 2257 1323 2290 incul-

183 2331 257 2352 care
282 2318 394 2355 visum
419 2329 487 2363 est,
520 2321 564 2353 ob
587 2333 723 2355 morosa
748 2321 963 2369 quorundam
988 2333 1162 2369 crassaque
1185 2319 1321 2368 judicia,
