1422 2472
370 81 682 114 ORIGENJANORUM
712 81 826 114 Linea
853 82 895 114 11.
1162 83 1206 117 93

70 183 150 211 stae,
175 172 261 205 nulli
286 184 353 204 uon
379 170 592 203 manifestum
618 171 699 214 fuit,
733 184 831 215 quam
857 180 1030 215 promtum
1055 172 1096 204 iis
1122 183 1206 205 esset

71 247 89 266 a
113 235 254 279 probata
280 233 438 265 ccclesiae
465 232 618 265 doctrina
650 234 819 265 recedere.
875 233 956 265 Post
987 233 1119 278 aliquot
1148 247 1205 267 an-

71 308 133 328 nos
158 296 309 340 pontifex
344 296 514 328 Romanus
548 304 678 327 creatur
709 294 862 336 Pelagius
891 295 1077 335 secundus,
1114 295 1207 341 cujus

74 358 116 389 de
141 357 308 399 Origene,
350 357 573 401 Origenisque
604 366 692 389 secta
725 357 922 401 opinionem
952 357 1112 401 patefacit
1142 370 1205 389 no-

72 419 164 452 mine
188 419 293 464 ipsius
318 418 441 463 scripta
471 432 489 451 a
521 418 688 461 Gregorio
720 419 875 451 Romano
908 418 1016 451 adhuc
1047 418 1204 459 diacono,

70 481 293 526 postmodum
317 492 397 512 vero
422 479 584 525 pontifice
610 480 765 523 epistola.
822 480 877 513 Sic
901 479 961 512 ille
987 493 1065 522 ergo
1092 481 1202 513 Eliam

73 542 325 588 Aquileiensem
345 542 555 586 episcopum,
579 541 731 585 aliosque
745 540 975 573 schismaticos
995 542 1109 575 Istriae
1134 543 1206 587 epi-

72 617 217 649 scopos,
248 613 281 636 et
303 603 365 636 tria
388 612 639 648 propugnantes
666 601 820 646 Capitula
844 602 1047 646 alloquitur:
1090 603 1206 646 »Quid

72 679 216 710 namque
240 665 273 697 iu
299 665 534 698 haeresiarchis
559 664 704 705 Origene
730 663 895 704 deterius,
928 673 960 696 et
992 665 1072 709 quid
1097 665 1130 698 in
1155 666 1205 698 hi-

70 726 311 772 storiographis
347 726 490 763 inveniri
529 725 678 758 Eusebio
712 726 946 770 honorabilius
981 727 1119 771 potest?
1164 727 1207 759 Et

70 789 144 834 quis
169 798 321 822 nostrum
345 788 482 828 nesciat,
507 788 542 820 in
566 787 660 820 libris
684 787 752 820 suis
776 787 907 832 quantis
933 787 1114 830 Origenem
1140 788 1208 821 Eu-

70 851 182 884 sebius
206 850 395 896 praeconiis
420 850 575 883 attollat?
615 849 684 883 Sed
722 849 796 894 quia
828 860 939 883 sancta
964 850 1106 883 ecclesia
1128 863 1207 883 suo-

71 927 145 946 rum
170 913 324 946 fidelium
349 914 451 945 corda
475 912 662 955 benignius,
687 924 785 956 quam
807 913 909 945 verba
922 912 1104 945 districtius
1122 925 1207 958 pen-

71 985 131 1016 sat,
155 985 189 1008 et
212 976 290 1020 plus
314 975 348 1007 in
371 974 545 1007 haereticis
570 987 702 1006 sensum
728 976 919 1019 proprium,
947 987 1046 1019 quam
1069 975 1204 1008 testatio

71 1037 210 1071 Eusebii
241 1036 416 1070 absolvere
447 1035 579 1081 potuit;
609 1048 671 1067 nec
700 1049 832 1068 rursum
863 1036 1048 1069 Eusebium
1081 1037 1206 1070 laudati

72 1099 228 1142 Origenis
254 1098 351 1142 culpa
375 1097 554 1130 damnavit.
601 1098 721 1129 Annon
748 1106 780 1129 et
806 1097 990 1139 Gregorius
1005 1100 1128 1145 Nyssae
1153 1113 1207 1131 ur-

71 1161 122 1193 bis
147 1160 335 1205 episcopus,
361 1171 438 1190 cum
464 1158 641 1191 Canticum
669 1158 886 1191 canticorum
907 1160 1055 1203 exponit,
1080 1160 1207 1202 magnis

73 1222 256 1264 Origenem
288 1220 441 1252 laudibus
471 1220 641 1264 praefert?
676 1222 797 1253 Annon
832 1230 865 1252 et
894 1220 1122 1267 Hieronymus
1146 1235 1207 1255 no-

72 1293 158 1315 strae
183 1283 343 1315 ecclesiae
369 1282 565 1326 presbyter,
607 1292 639 1314 et
670 1282 844 1324 singularis
869 1283 1016 1315 Hebraei
1040 1285 1205 1317 sermonis

70 1344 245 1389 interpres,
268 1353 362 1376 tanto
389 1356 463 1385 erga
489 1344 668 1385 Origenem
688 1344 801 1376 favore
815 1344 1012 1384 intenditur,
1037 1353 1073 1377 ut
1097 1358 1204 1389 paene

71 1406 256 1450 discipulus
281 1405 351 1450 ejus
376 1417 445 1437 esse
473 1405 646 1438 videatur?
669 1406 737 1438 Sed
763 1405 841 1450 quia
865 1406 941 1450 plus
967 1419 1078 1438 caussa
1103 1419 1202 1451 quam

73 1470 171 1501 verba
197 1468 364 1512 pensanda
389 1477 483 1507 sunt,
507 1480 569 1499 nec
592 1467 662 1499 istis
687 1480 744 1499 sua
768 1467 957 1509 benignitas
982 1469 1116 1509 nocuit,
1141 1483 1203 1502 nec

71 1531 166 1562 illum
194 1543 210 1562 a
237 1539 329 1562 reatu
361 1529 502 1574 proprio
535 1531 631 1562 favor
661 1529 788 1561 alienae
819 1529 1040 1562 attestationis
1072 1544 1205 1564 excusa-

71 1591 146 1624 vit.«
203 1591 302 1625 Certe
337 1591 390 1623 hic
421 1591 492 1635 ipse
518 1591 718 1633 Gregorius,
760 1604 835 1622 cum
868 1600 964 1623 antea
994 1593 1204 1637 apocrisiarii

69 1666 207 1686 munere
224 1653 520 1697 Constantinopoli
537 1654 742 1696 fungeretur,
769 1653 946 1685 adversum
959 1654 1204 1689 sanctissimum

69 1715 258 1760 praesulem
282 1715 498 1761 Eutychium,
524 1715 680 1757 Origenis
693 1715 881 1747 doctrinam
903 1715 945 1747 de
957 1718 1204 1750 resurrectione

70 1786 221 1810 tuentem
257 1778 366 1809 fuerat
397 1777 570 1809 velitatus:
602 1778 764 1809 docuerat
796 1777 884 1809 enim
915 1778 1023 1810 bonus
1058 1778 1116 1811 ille
1142 1781 1203 1821 vir,

71 1851 194 1883 corpus
218 1848 373 1871 nostrum
397 1838 431 1870 in
456 1839 702 1871 resurrectione
722 1839 875 1870 manibus
887 1840 976 1880 tangi
1000 1852 1069 1871 non
1094 1854 1204 1884 posse,

71 1900 243 1944 ventisque
276 1909 309 1932 et
339 1904 415 1933 aere
446 1913 515 1933 esse
548 1900 714 1933 subtilius.
769 1901 1010 1933 Renascentem
1043 1914 1204 1943 errorem,

71 1962 129 1994 sed
154 1961 206 1994 vix
230 1962 293 1994 ulli
318 1972 428 1994 tamen
454 1962 503 1994 his
532 1961 566 1994 in
600 1962 667 1994 oris
693 1963 872 2006 probatum
899 1962 1082 2004 Gregorius
1109 1970 1203 1997 coer-

73 2022 152 2062 cuit,
177 2036 322 2068 eumque
348 2024 496 2056 moriens
528 2024 711 2069 Eutychius
742 2023 931 2063 revocavit,
972 2038 1046 2057 cum
1079 2026 1202 2058 librum

71 2083 177 2128 ipsius
199 2085 356 2118 Tiberius
380 2085 566 2130 imperator
590 2086 732 2119 flammis
749 2086 885 2128 dignum
906 2085 1095 2130 judicasset.
1132 2088 1203 2120 Hac

71 2153 209 2191 ‘quoque
233 2145 366 2180 circiter
389 2157 587 2192 tempestate
612 2147 772 2180 Leontius
806 2147 1026 2194 Byzantinus,
1051 2161 1068 2179 a
1092 2149 1203 2181 Leon-

73 2205 120 2238 tio
146 2206 252 2239 altero
276 2207 482 2253 Byzantina,
515 2210 602 2248 sive,
636 2208 726 2254 juxta
751 2209 853 2249 alios,
884 2209 1060 2254 Byzan-eno
1086 2222 1201 2242 mona-
