1422 2472
366 93 676 126 Omofflmxonutu
701 91 816 125 Lusita
841 90 881 124 11.
1123 92 1186 127 101

49 183 216 228 disputata
249 192 307 216 est.
358 181 457 215 Certe
488 194 574 213 anuo
611 180 706 215 1522.
761 179 949 225 Apologiae
982 191 1061 211 suae
1093 181 1188 225 Apo-

48 245 171 287 logiam
196 254 369 289 pertexere
394 256 566 276 necessum
591 241 707 275 habuit
720 242 896 276 Met-linus.
931 241 1038 274 Manu
1063 243 1188 287 scripta

48 306 106 340 illa
131 315 282 339 servatur
305 305 340 338 in
366 304 575 346 theologicae
601 304 767 337 facultatis
791 303 1016 343 bibliotheca,
1047 303 1187 350 ejusque

48 367 133 401 mihi
157 380 256 401 usura
281 380 439 401 concessa
464 375 523 399 est.
573 366 684 410 Quam
710 380 770 399 cur
800 366 835 399 in
866 366 978 399 lucem
1010 379 1080 398 non
1105 365 1188 399 emi-

47 430 130 464 serit
154 439 282 469 auctor,
307 428 464 474 equidem
488 428 613 461 nescio.
646 428 770 462 Tribus
794 428 854 461 illa
871 427 966 460 libris
983 427 1188 463 continetur.

50 492 151 526 Prior
174 504 238 537 pro
253 491 412 533 Origene,
439 489 662 534 Origcnisque
682 490 835 523 doctrina
850 498 987 535 pugnat,
1006 498 1039 522 et
1056 499 1189 535 septem

52 552 334 588 conclusionibus
359 551 554 592 absolvitur,
580 564 722 597 quarum
748 551 858 597 prima
882 551 962 585 haec
988 560 1053 584 est:
1090 553 1188 586 „Non

53 625 101 650 est
125 624 253 649 certum
277 623 311 647 et
328 614 475 655 evidens,
499 626 562 646 nec
579 613 818 654 indubitatum,
836 612 1032 648 Concilium
1050 613 1190 659 aliquod

52 679 222 711 damnasse
248 676 429 718 Origenem
446 676 684 709 Adamantium
705 675 865 709 Leonidis
890 675 1045 722 martyris
1070 675 1190 717 filium,

51 750 208 785 tanquam
233 738 452 772 haereticum⁴
469 737 644 771 notorium
679 746 712 770 et
735 737 922 782 publicum.
933 750 951 766 «
1002 738 1117 771 Altera
1144 738 1190 772 ita

50 816 85 836 ⁵0
108 803 224 835 habet:
262 800 529 843 »Dogmatizare
553 799 737 842 Origenern
761 799 1002 832 Adamantium
1025 800 1189 834 Leonidis

52 864 203 911 martyris
226 863 336 896 filium
359 876 427 896 non
452 862 555 895 fuisse
579 861 754 895 notorium
786 870 819 894 et
843 862 1022 906 publicum
1045 863 1191 896 haereti-

53 941 129 961 cnm
154 927 194 960 ab
220 926 359 959 ecclesia
384 925 534 968 legitime
567 933 764 968 congregata
799 925 1012 966 damnatum,
1044 938 1107 958 nec
1143 935 1192 958 est

51 989 275 1029 haereticum,
307 1001 417 1033 neque
440 988 476 1021 in
500 988 566 1021 fide
591 996 816 1032 suspectum.«
865 986 980 1020 Tertia
1006 996 1055 1020 est
1077 986 1193 1034 hujus-

52 1053 164 1085 modi:
217 1050 472 1084 „Probabiliter
519 1050 686 1082 affirmans
728 1048 910 1090 origenem
949 1050 1194 1084 Adamantium

53 1112 213 1147 Leonidis
237 1111 390 1157 martyris
412 1111 520 1144 filium
545 1124 614 1144 non
638 1110 740 1143 fuisse
771 1119 946 1143 auctorem
971 1111 1124 1145 omnium
1150 1112 1192 1144 il-

54 1177 167 1209 lorum
190 1174 415 1219 pessimorum
440 1183 646 1214 erratorum,
672 1185 754 1218 quae
777 1172 840 1204 sibi
863 1171 1099 1217 imponuntur,
1123 1187 1193 1207 non

57 1240 195 1280 derogat
220 1236 451 1269 ecclesiasticis
475 1235 714 1275 sanctionibus,
738 1246 846 1279 neque
872 1247 1082 1268 summorum
1107 1249 1194 1280 pon·

57 1301 187 1333 tificum
212 1298 373 1338 decretis,
408 1311 517 1343 neque
549 1307 742 1331 sanctorum
766 1296 906 1330 Patrum
937 1297 1191 1339 dogmatibus‚«

59 1363 188 1407 Quarta
217 1360 266 1393 his
299 1359 408 1393 verbis
441 1369 604 1405 concepta
638 1368 702 1392 est:
753 1360 939 1391 »Asserere
969 1359 1195 1404 probabiliter

59 1425 197 1458 alteram
244 1423 382 1456 istarum
428 1422 721 1468 propositionum:
770 1421 934 1464 Origenes
975 1422 1194 1456 Adamantius

56 1486 218 1521 Leonidis
240 1485 394 1532 martyris
418 1485 508 1518 filius
535 1498 603 1518 non
629 1493 688 1524 est,
712 1497 775 1517 nec
798 1484 863 1516 fuit
884 1482 1089 1516 haereticus:
1117 1484 1196 1517 Ori-

57 1562 155 1592 genes
187 1548 405 1582 Adamantius
436 1547 595 1580 Leonidis
626 1546 779 1594 martyris
809 1546 900 1578 filius
937 1555 1005 1586 est,
1041 1546 1094 1578 vel
1129 1546 1195 1579 fuit

57 1611 271 1651 Haereticus,
295 1623 363 1643 non
387 1618 437 1643 est
460 1609 683 1650 haereticum,
706 1608 857 1642 haeresin
881 1608 1029 1654 sapiens,
1053 1621 1115 1641 nec
1145 1621 1196 1641 er-

59 1688 221 1715 roneum,
245 1687 264 1706 a
286 1673 372 1713 fide,
397 1681 453 1705 aut
478 1673 557 1705 fidei
581 1671 705 1718 pietate
733 1671 913 1709 alienum.«
965 1670 1095 1714 Quinta
1118 1669 1193 1704 talis

61 1747 126 1771 est:
168 1737 347 1769 »Asserens
371 1736 455 1768 lianc
481 1735 535 1768 vel
560 1734 654 1767 illam
680 1744 811 1780 partem
835 1732 1073 1778 probabiliter,
1096 1746 1196 1778 sepo-

58 1812 138 1833 nere
165 1799 265 1832 debet
282 1811 418 1831 omnem
436 1797 667 1843 pertinaciam,
694 1806 726 1830 et
750 1797 811 1829 sub
827 1796 1023 1829 conditione
1043 1809 1197 1842 expressa

61 1863 114 1894 vel
145 1861 243 1894 tacita
274 1861 441 1894 affirmare
471 1860 631 1893 alteram:
669 1859 819 1905 alioquin
849 1858 1044 1904 periculoso
1079 1858 1195 1891 discri-

61 1923 143 1957 mini
167 1935 239 1957 sese
263 1922 520 1957 committeret.«
573 1922 672 1955 Sexta
694 1922 739 1955 ita
764 1935 917 1967 expressa
941 1930 1006 1954 est:
1045 1920 1196 1964 »Quam-

64 1985 112 2018 vis
141 1985 332 2031 praedictae
362 1985 615 2031 propositiones
646 1998 714 2017 non
747 1984 878 2030 possint
910 1982 1010 2016 simul
1042 1991 1128 2016 stare
1161 1982 1195 2015 in

64 2047 221 2089 veritate,
255 2058 287 2081 et
318 2061 453 2082 necesse
486 2048 527 2081 sit
559 2049 695 2081 alteram
729 2060 798 2080 esse
823 2059 954 2088 vernm3
988 2054 1054 2078 stat
1084 2054 1197 2077 tamen

64 2109 209 2154 aliquem
234 2120 363 2155 partem
382 2123 492 2144 veram
507 2110 728 2143 affirmantem
753 2123 821 2142 non
846 2122 916 2142 esse
939 2107 1199 2148 schismaticum,

66 2184 128 2205 nec
153 2172 193 2204 de
218 2172 392 2205 schismate
416 2182 639 2217 suspectum.«
676 2172 829 2218 Septima
853 2173 989 2204 demum
1013 2170 1062 2201 his
1087 2168 1197 2201 verbis

67 2232 268 2267 absolvitur:
318 2234 551 2268 »Christianae
575 2235 692 2280 pietati
719 2233 966 2268 conducibilius
992 2242 1058 2272 est,
1092 2240 1196 2265 stante

68 2295 146 2340 tali,
172 2304 331 2343 tantoque
357 2296 478 2341 dubio,
512 2310 586 2333 cum
613 2299 732 2333 veritas
759 2297 792 2330 in
817 2305 911 2345 parte
937 2295 1070 2331 occulta
1093 2303 1142 2330 est
1165 2303 1199 2330 et
