1422 2472
342 90 412 116 vno
439 80 606 116 Omemz
631 83 854 117 Anmomrio.
1100 80 1167 118 269

36 171 195 218 probavit
218 172 403 216 Origenem
425 173 517 220 juxta
541 186 575 207 se
601 173 828 214 Catholicum,
851 172 887 206 id
911 181 970 214 est,
994 171 1084 219 juxta
1107 186 1171 206 nos

35 235 198 268 Arianum
223 249 304 270 esse.
350 237 485 270 Horum
506 246 544 269 tu
568 236 717 282 primum
749 236 876 268 librum
900 234 1001 268 vertis
1023 236 1085 269 sub
1108 248 1171 268 no-

35 296 127 330 mine
151 298 310 345 MartyriS
328 325 335 333 .
352 325 359 333 .
374 326 381 334 .
397 324 403 333 .
420 325 429 341 ,
457 299 640 345 paucisque
671 298 873 332 testimoniis
907 299 949 331 de
979 297 1072 331 Filio
1103 297 1172 331 Dei

37 368 71 392 et
100 360 232 405 Spiritu
262 370 376 394 sancto
411 362 642 404 commutatis,
681 375 765 408 quae
802 361 928 395 sciebas
961 360 1172 407 displicitura

35 421 217 464 Romanis,
253 433 363 458 cetera
395 439 501 471 usque
526 427 569 459 ad
592 426 695 459 finem
727 425 855 469 integra
886 423 1078 459 dimisisti.«
1127 426 1173 456 At

37 498 118 519 vero
150 496 281 521 sanctus
306 488 458 529 Doctor,
491 488 548 534 qui
584 498 778 523 constanter
809 488 893 522 locis
925 488 1032 521 modo
1064 485 1173 520 citatis

37 559 201 583 asseverat
234 550 359 584 librum
391 551 480 584 hunc
514 564 532 584 a
556 551 682 585 Rufino
708 551 824 585 Latine
857 551 1071 591 translatum,
1105 562 1174 583 esse

36 611 186 656 primum
217 626 274 647 sex
304 613 520 647 voluminum
550 614 692 647 Eusebii
727 613 929 658 ἀπολογίας
959 612 1051 660 ὑπὲρ
1072 613 1173 658 ’5291-

36 676 184 720 γένους,
212 676 418 710 contrarium
443 677 602 719 omnino,
627 689 750 721 nempe
776 675 860 709 sexti
883 676 963 710 libri
988 689 1058 711 esse
1082 675 1174 721 prin-

39 736 184 781 cipium,
217 748 441 775 cetera-vero
472 741 625 773 membra
656 752 673 772 a
705 739 876 787 Didymo,
906 740 962 772 vel
993 740 1034 773 ab
1066 738 1173 772 altero

38 800 194 845 quolibet
217 801 332 835 addita
355 802 458 836 fuisse
484 802 598 836 dicere
624 802 758 835 videtur
782 803 845 835 suh
870 801 973 835 finem
998 801 1095 847 epist.
1109 801 1176 842 41„

37 862 116 896 alias
141 863 197 899 65.
221 864 263 897 ad
287 864 543 898 Pammachium
569 874 602 898 et
627 866 824 900 Oceanum:
866 863 982 899 »Sexti
1005 861 1085 897 libri
1107 862 1176 896 Eu—

38 925 122 959 sebii
163 939 264 972 super
299 927 456 970 Origenis
491 928 703 962 Defensione
748 927 955 974 principium
992 938 1098 971 usque
1134 925 1177 958 ad

37 988 135 1022 mille
159 989 266 1023 ferme
291 1003 404 1023 versus
431 990 519 1023 liber
542 991 623 1032 iste,
649 991 707 1036 qui
731 990 906 1036 Pamphili
931 989 1074 1030 dicitur,
1099 1001 1178 1020 con-

39 1051 141 1092 tinet,
166 1061 199 1085 et
223 1052 256 1085 in
281 1052 418 1098 reliquis
442 1053 589 1098 scriptor
615 1053 765 1098 ejusdem
791 1053 904 1098 operis
928 1053 1062 1098 profert
1085 1050 1179 1084 testi-

39 1113 172 1156 monia,
203 1115 323 1160 quibus
354 1115 474 1149 nititur
496 1117 687 1161 approbare
713 1115 895 1158 Origenem
926 1115 1030 1148 fuisse
1055 1113 1180 1147 Catho-

42 1176 157 1210 licum.
204 1177 370 1211 Eusebius
404 1188 436 1212 et
460 1179 659 1224 Pamphilus
692 1188 820 1213 tantam
851 1178 941 1212 inter
972 1190 1006 1211 se
1030 1177 1178 1210 habuere

43 1239 278 1282 concordiam,
310 1250 349 1274 ut
370 1241 469 1275 unius
495 1241 624 1275 animae
650 1242 807 1275 homines
837 1250 953 1287 putes,
987 1248 1020 1272 et
1042 1239 1084 1271 ab
1108 1249 1176 1269 uno

41 1302 126 1336 alter
149 1316 274 1337 nomen
308 1304 487 1350 acceperit.
537 1305 725 1348 Quomodo
758 1304 860 1348 igitur
882 1303 971 1337 inter
993 1315 1028 1335 se
1053 1300 1180 1334 dissen-

41 1365 105 1398 tire
129 1375 333 1411 potuerunt,
367 1377 406 1400 ut
429 1368 598 1401 Eusebius
622 1368 658 1401 in
681 1377 756 1401 toto
783 1379 887 1414 opere
912 1379 972 1399 suo
997 1364 1181 1406 origenem

40 1427 159 1461 Ariani
182 1430 309 1474 probet
343 1430 526 1473 dogmatis,
562 1441 595 1464 et
619 1431 817 1477 Pamphilus
845 1429 1014 1464 Nicaenae
1039 1425 1181 1475 Synodi,

42 1505 128 1537 quae
161 1492 226 1525 suit
258 1502 395 1538 postea,
428 1494 667 1527 defensorem?
714 1494 764 1527 Ex
796 1506 864 1538 quo
900 1489 1089 1525 ostenditur
1128 1486 1182 1521 vel

40 1553 204 1602 Didymi,
229 1556 283 1588 'vel
309 1555 490 1602 cujuslibet
515 1556 654 1590 alterius
680 1569 750 1590 esse
775 1554 989 1601 opusculum,
1016 1550 1074 1597 qui
1098 1549 1183 1583 sexti

42 1616 121 1651 libri
146 1618 255 1663 capite
280 1619 492 1660 detruncato,
518 1629 628 1653 cetera
652 1619 805 1652 membra
829 1616 997 1651 sociarit.«
1044 1612 1183 1662 Utrtol-

41 1680 134 1713 latur
157 1690 274 1726 aperta
298 1683 481 1715 verborum
513 1682 753 1728 repugnantia,
785 1677 1077 1713 Eminentissimus
1104 1676 1183 1710 Car-

45 1742 166 1776 dinalis
190 1743 346 1778 Norisius
369 1745 512 1779 Dissert.
538 1745 698 1778 historica
723 1745 765 1777 de
790 1743 931 1790 Synodo
958 1741 1083 1787 quinta,
1110 1751 1184 1783 cap·

47 1804 111 1847 13.‚
137 1818 210 1840 eam
232 1806 343 1852 rejicit
366 1807 402 1841 in
426 1809 679 1842 amanuensium
706 1820 868 1847 errorem,
895 1804 952 1851 qui
979 1817 1056 1837 cum
1072 1802 1106 1835 in
1123 1801 1184 1833 hac

45 1869 88 1902 ad
104 1868 360 1904 Pammachium
385 1881 418 1905 et
438 1872 614 1906 Oceanum
642 1870 785 1917 epistola
809 1869 959 1912 legerent
976 1864 1185 1900 abbreviatas

48 1930 146 1965 hasce
170 1941 285 1966 notas:
313 1934 391 1968 „VL
417 1935 494 1971 libr.
517 1934 658 1969 Eusebii
682 1947 783 1979 super
807 1930 963 1974 origenis
988 1926 1185 1962 defensiffllc

47 1993 268 2040 principium,
303 1996 387 2030 sexti
418 1997 498 2030 libri
521 1997 689 2031 Eusebii«
723 1995 964 2034 reddiderunt,
998 2004 1075 2025 cum
1106 2002 1186 2023 »sex

49 2055 214 2092 librorum
237 2058 378 2092 Eusebii
412 2073 513 2105 super
544 2059 700 2103 Origenis
731 2057 928 2092 defensione
958 2053 1185 2101 principium«

49 2119 195 2153 seribere
236 2120 440 2157 debuissent.
497 2122 554 2156 Sic
593 2122 695 2156 etiam
730 2121 835 2168 paulo
869 2129 948 2166 post
983 2117 1185 2160 legentibus:

53 2181 138 2227 »qui
163 2182 222 2217 VI.
248 2183 326 2216 libr.
353 2184 462 2228 capite
486 2185 738 2226 detruncato,«
770 2198 840 2218 non
866 2180 1124 2216 exscribendum
1147 2177 1189 2211 iis

52 2254 140 2278 erat:
173 2245 287 2278 »sexti
312 2244 436 2278 libriz«
469 2248 545 2280 sed:
583 2262 666 2282 »sex
690 2248 896 2281 lib1-0rum,«
948 2244 1053 2288 Quod
1078 2251 1189 2276 autem

53 2306 147 2340 addit
171 2306 417 2354 Hieronymus:
451 2311 532 2343 »vel
564 2311 724 2357 Didymi,
757 2310 811 2343 vel
844 2307 1023 2354 cujuslibet
1054 2305 1189 2339 alterius
