1413 2482
171 63 238 100 118
501 64 615 98 Pam
647 64 821 97 Damnus
846 64 978 98 Ηυετιι

176 154 300 199 pretati
324 165 400 187 sunt
426 154 541 187 locum
567 155 672 194 hunc,
705 153 845 186 memini
871 154 963 198 quod
987 163 1143 188 mortuos
1168 154 1325 188 dixerunt

179 229 254 257 eos,
279 217 335 262 qui
360 215 533 249 nimietate
553 217 721 249 scelerum
747 215 781 248 in
805 215 952 261 peccatis
977 216 1106 250 mortui
1127 216 1324 259 intelligun-

179 288 243 312 tur.
253 294 269 309 «
318 278 364 311 Et
387 277 518 312 Homil.
543 277 597 313 26.
622 290 691 323 seq.
717 291 809 311 num.
834 278 866 312 4.
894 277 1078 311 »Exeundi
1100 278 1143 312 de
1166 279 1323 327 Aegypto

178 341 320 383 figuram
353 340 486 374 duobus
517 340 631 374 modis
663 340 791 385 accipi,
823 353 840 373 a
872 339 1044 386 prioribus
1079 339 1220 381 nostris,
1250 349 1284 374 et
1307 354 1326 374 a

178 402 278 435 nobis
311 415 411 448 saepe
442 402 509 448 jam
542 401 670 436 dictum
703 411 789 436 est.«
846 402 892 436 Et
921 401 1053 438 Homil.
1076 399 1109 436 8.
1145 401 1181 435 in
1210 402 1325 436 Judic.

179 477 271 498 num.
288 463 320 499 4.
347 463 515 498 »Memini
539 464 640 498 etiam
666 464 834 511 quendam
860 477 900 498 ex
924 462 1242 510 praedecessoribus
1265 476 1329 498 no-

178 525 253 561 stris
276 525 311 559 in
334 526 462 560 libellis
489 527 556 561 suis
580 527 690 562 vellus
721 527 817 561 lanae
844 526 1016 573 populum
1041 525 1163 560 dixisse
1187 526 1324 561 Israel&

179 589 225 622 Et
240 588 370 623 Homil.
386 588 438 625 11.
456 589 490 623 in
506 591 633 624 Jerem.
652 603 744 624 num.
758 589 792 625 2.
822 591 946 624 Ταῦτα
970 589 1011 625 δὲ
1035 591 1101 624 καὶ
1124 587 1197 634 πρὸ
1221 586 1328 636 ἡμῶν

180 648 286 687 ἄλλοι
310 650 545 698 διηγήσαντο.
594 652 639 686 Et
663 651 863 687 H0m31.14.
882 664 951 697 seq.
975 663 1070 685 num.
1087 651 1117 686 5.
1146 652 1231 686 Τῶν
1254 650 1326 697 πρὸ

182 715 273 759 ἐμοῦ
303 715 347 749 δέ
376 728 427 754 τις
451 715 603 759 ἐπέβαλε
636 716 684 761 τῷ
713 712 824 760 tol-tq).
872 714 918 747 Et
943 714 1044 748 Tom.
1070 712 1115 747 X.
1140 713 1176 746 in
1201 713 1327 746 Matth.

181 791 272 811 num.
298 776 355 812 22.
389 776 559 823 Ἐπήρησε
594 778 666 822 μὲν
701 771 768 813 οὖν
804 791 855 816 τις
887 778 961 828 ταῖν
997 776 1069 824 πρὸ
1106 774 1225 820 ἡμῶν.
1282 776 1327 809 Et

182 840 306 885 passim
331 840 365 873 in
392 840 656 874 Commentariis
687 840 720 873 in
745 840 914 873 Joannem
939 839 1190 873 Heracleonem
1214 837 1331 872 haere-

182 902 308 943 tieum,
344 902 442 948 hujus
479 902 715 945 Evangelistae
751 902 971 947 interpretem
1005 902 1198 935 insectatur.
1259 899 1331 944 Qui

184 978 263 1008 ergo
303 965 376 998 aliis
421 966 462 998 ad
499 965 691 1010 Scripturas
729 965 997 1010 interpretandas
1035 963 1201 1006 Origenes
1240 962 1331 996 viam

182 1027 364 1073 praeivisse
383 1028 450 1061 dici
475 1027 612 1072 potest?
646 1029 692 1060 At
717 1027 866 1060 excusari
891 1036 1016 1072 potest,
1041 1026 1135 1072 quod
1159 1025 1206 1059 ait
1217 1025 1330 1060 Sixtus

183 1091 342 1123 Senensis
367 1091 443 1123 libr.
460 1090 517 1123 lv.
546 1089 714 1123 Biblioth.
749 1087 838 1122 „Hi's
865 1089 1032 1123 similibus
1064 1087 1332 1122 excitatiunculis

185 1153 311 1198 ubique
344 1153 395 1185 uti
420 1152 549 1193 voluit,
580 1161 685 1197 prout
710 1152 853 1185 decebat
880 1151 1056 1185 hominem
1086 1163 1194 1197 paene
1220 1149 1333 1186 αὐτο-

186 1215 381 1259 δίδακτον,
423 1223 455 1248 et
491 1214 550 1260 qui
581 1214 711 1259 primus
741 1227 911 1257 aggressus
943 1224 1030 1248 esset
1060 1213 1333 1260 explanationem

185 1277 339 1311 omnium
370 1277 561 1311 divinarum
592 1277 865 1323 scripturarum,
899 1277 1054 1310 nondum
1086 1278 1132 1310 ob
1161 1276 1333 1319 ingentem

185 1353 299 1373 earum
337 1339 575 1373 difficultatem
605 1340 646 1372 ab
683 1339 798 1385 aliquo
835 1348 1069 1373 attentatam«
1125 1339 1212 1372 Nam
1248 1338 1332 1373 alios

186 1402 324 1447 quidem
355 1415 425 1435 non
460 1411 559 1445 negat
593 1411 726 1447 partem
760 1401 909 1447 aliquam
942 1401 1197 1447 Scripturarum
1228 1413 1333 1447 expo-

186 1463 310 1507 suisse;
335 1464 489 1498 omnium
513 1477 594 1498 vero
620 1465 876 1510 scripturarum
904 1463 1178 1509 explanationem
1202 1476 1333 1508 aggres-

185 1540 258 1560 sum
286 1539 355 1560 esse
381 1526 531 1573 aliquem
555 1537 632 1561 ante
658 1526 864 1570 Origenem,
896 1525 932 1559 id
957 1538 1039 1560 vero
1063 1535 1178 1570 negat,
1204 1536 1239 1560 et
1260 1540 1333 1561 me-

186 1589 253 1622 rito
280 1589 429 1635 quidem.

278 1653 321 1684 ll.
362 1654 604 1686 Verumtamen
630 1651 781 1698 quamvis
813 1650 959 1685 aliorum
993 1652 1205 1696 exemplum,
1236 1653 1331 1698 quod

187 1724 403 1759 sequeretur,
436 1716 569 1756 habuit,
600 1715 775 1749 fatendum
804 1713 1026 1748 nibilominus
1055 1715 1141 1748 hane
1165 1727 1243 1748 eum
1277 1728 1332 1748 ex-

185 1776 362 1822 plicandae
386 1779 581 1824 Scripturae
606 1787 713 1812 artem
738 1777 882 1810 multum
907 1776 1120 1822 provexisse:
1153 1789 1216 1810 nec
1240 1776 1332 1811 enim

186 1839 379 1884 simplicem
409 1842 578 1886 quendam
606 1840 851 1886 interpretandi
887 1840 1030 1874 modum
1067 1838 1239 1879 adhibuit,
1270 1840 1331 1873 sed

187 1902 278 1936 varia
303 1903 577 1948 explanationum
608 1916 729 1946 genera
760 1902 890 1948 primus
915 1901 1110 1947 Scripturae
1133 1913 1332 1936 accommo-

187 1964 289 1998 davit.
337 1966 422 1998 Nam
448 1965 502 1998 vel
532 1965 666 1999 diffusis
692 1963 970 2006 Commentariis,
1005 1962 1173 2009 quidquid
1205 1977 1331 2010 suppe-

190 2027 341 2061 ditabant
363 2026 536 2071 ingenium
562 2037 594 2062 et
619 2027 784 2068 doctrina,
808 2025 940 2072 prolixe
967 2026 1153 2070 congessit;
1176 2026 1231 2060 vel
1254 2027 1333 2061 bre·

187 2090 284 2124 vibus
308 2099 439 2125 tantum
463 2090 611 2124 Scholiis
637 2089 835 2123 obscuriora
860 2100 1012 2134 quaeque
1044 2086 1255 2133 illustravit3‘
1275 2089 1331 2123 vel

188 2153 230 2186 ad
254 2153 379 2199 populi
404 2163 540 2200 captum
563 2165 635 2186 sese
661 2151 806 2192 demisit,
832 2161 865 2184 et
890 2151 1030 2185 selectas
1055 2153 1216 2198 quasdam
1239 2151 1331 2187 sen·-

187 2225 307 2261 pturae
338 2217 517 2263 pericopas
549 2215 660 2250 minus
692 2224 845 2249 accurate
876 2228 939 2260 per
962 2215 1130 2250 Homilias
1163 2214 1328 2260 exposuit.

188 2278 415 2330 Hieronymus
439 2279 474 2317 in
497 2279 648 2325 Prologo
673 2292 751 2314 suae
776 2278 1065 2327 interpretationis
1088 2277 1328 2320 Romilia-m,
