1422 2472
388 90 700 124 Omenmmonum
724 89 798 122 Lm.
818 88 860 121 11.
1152 88 1194 121 57

64 178 155 212 Cleri
180 178 343 211 comitatu
375 178 611 212 advenientem
640 178 849 220 honestavit,
877 189 941 211 nec
973 189 1013 209 eo
1046 176 1196 222 perpulit

63 250 176 273 tamen
202 250 240 274 ut
263 241 412 286 hospitio
437 255 511 282 su0,
537 242 590 274 vel
610 241 768 274 domibus
793 238 1037 279 ecclesiasticis,
1061 239 1114 271 vel
1138 252 1195 270 sua

63 302 211 347 denique
237 303 482 336 consuetudine
514 303 563 336 uti
597 303 717 336 vellet:
752 303 838 335 adeo
869 302 1039 334 insensum
1071 300 1197 334 Joanni

63 363 214 396 animum
243 374 387 409 propter
418 374 592 409 susceptos
629 365 835 406 Origenistas
864 376 944 408 prae
983 376 1018 396 se
1055 363 1196 395 serebat.

64 425 186 458 Statim
218 426 428 470 Epiphanius
468 427 510 459 ad
541 439 576 458 se
611 435 776 458 convocat
806 426 1002 470 episcopos,
1037 426 1092 470 qui
1125 435 1196 458 tum

63 488 154 519 sorte
190 487 490 531 Constantinopoli
531 488 766 520 versabantur:
811 488 946 520 decreta
988 488 1196 533 synodorum

65 549 209 593 profert,
233 548 352 593 quibus
378 548 524 581 lectione
551 548 708 590 Origenis
733 548 890 581 omnibus
916 548 1199 591 interdicebatur3

66 610 216 654 postulat
252 619 289 643 ut
330 623 368 642 ea
400 609 464 654 ipsi
503 622 642 655 quoque
680 609 848 651 suffragiis
883 609 951 643 suis
984 611 1197 644 confirment.

68 672 259 704 Paruerunt
274 671 443 711 nonnulli,
467 671 582 716 plures
607 671 890 706 detrectaverunt.
927 672 966 704 Iu
991 671 1040 704 his
1058 672 1199 704 Theoti-

65 746 140 766 mus
163 733 364 766 Tomitanus
390 733 588 777 episcopus,
628 742 796 777 spectatae
830 733 881 765 vir
910 733 1112 773 sanctitatis,
1137 734 1200 766 ini-

66 808 170 839 quum
195 808 265 827 csse
291 795 384 835 dixit,
409 794 540 827 homini
573 793 774 839 jampridem
805 804 943 827 mortuo
968 795 1124 841 injuriam
1149 796 1201 828 in-

66 856 168 897 ferre,
193 866 226 889 et
251 856 419 902 majorum
453 857 495 889 de
527 869 569 889 eo
602 857 736 889 decreta
761 857 970 889 rescindere:
1005 870 1073 902 quo
1105 857 1198 890 dicto

66 917 193 951 librum
225 919 393 963 quendam
426 917 581 960 Origenis
612 920 761 962 profert,
801 918 1023 963 pellectisque
1049 919 1198 952 versibus

67 980 216 1025 aliquot,
246 979 366 1025 quibus
398 979 559 1013 ecelesiae
591 979 692 1012 utiles
715 981 899 1014 sententiae
924 981 1199 1015 continebantur:

69 1042 281 1085 Intelligant,
309 1041 438 1086 inquit,
470 1041 527 1086 qui
560 1042 667 1074 libros
699 1042 855 1084 Origenis
883 1043 1083 1087 repudiant,
1119 1044 1200 1077 haec

69 1117 206 1148 quoque
231 1117 247 1137 a
272 1117 306 1136 se
331 1104 513 1148 repudiari.
562 1103 677 1136 Nihilo
697 1113 808 1136 tamen
825 1104 934 1136 secius
950 1105 1080 1146 roganti
1096 1105 1201 1151 Chry-

69 1175 243 1205 sostomo,
274 1174 312 1197 ut
334 1178 399 1197 una
423 1177 536 1197 secum
562 1165 686 1204 domo,
719 1174 753 1197 et
783 1178 849 1197 una
874 1166 1015 1199 ecclesia
1038 1176 1201 1207 uteretur,

70 1227 275 1260 renuntiavit
304 1226 514 1271 Epiphanius
545 1226 578 1258 in
611 1226 732 1258 domus
767 1235 800 1258 et
824 1240 964 1270 precum
989 1228 1203 1261 communio-

70 1301 146 1320 nem
173 1301 249 1321 cum
274 1288 333 1320 illo
359 1301 430 1320 sese
454 1297 653 1327 venturum,
684 1287 731 1320 ita
761 1287 789 1320 si
821 1288 926 1320 libros
958 1289 1113 1332 Origenis
1145 1292 1203 1324 da-

69 1361 195 1388 mnare,
219 1358 253 1381 et
276 1349 483 1391 Origenistas
510 1350 695 1395 Aegyptios
717 1363 737 1382 a
755 1362 790 1382 se
808 1350 946 1395 rejicere
963 1351 1083 1384 vellet:
1108 1355 1202 1398 quod

71 1424 147 1443 cum
171 1420 247 1444 ante
279 1411 559 1456 disceptationem
592 1424 724 1444 caussae
759 1412 870 1444 facere
901 1423 1070 1447 recusaret
1098 1416 1202 1448 Joan-

71 1486 140 1513 nes,
163 1486 339 1518 persuasus
376 1483 426 1506 est
456 1473 666 1518 Epiphanius
698 1487 716 1506 a
747 1473 949 1518 quibusdam
978 1476 1120 1510 Joannis
1144 1480 1202 1510 ad-

71 1535 242 1575 versariis,
272 1544 310 1568 ut
341 1535 373 1567 in
407 1536 574 1580 templum
606 1536 872 1579 Apostolorum,
904 1550 972 1581 quo
1005 1539 1203 1573 celebranda

72 1607 142 1631 erat
165 1597 314 1644 synaxis,
345 1597 481 1641 publice
513 1597 687 1641 prodiret,
720 1598 894 1631 damnaret
918 1599 1023 1632 libros
1048 1601 1203 1644 Origenis

72 1673 110 1692 ac
141 1659 368 1702 Origenistas,
400 1668 434 1692 et
465 1658 743 1704 Chrysostomum
775 1659 885 1705 ipsum
917 1661 1108 1697 incesseret.
1161 1665 1204 1698 Et

72 1722 207 1755 fecisset
228 1734 324 1761 sane,
347 1720 411 1753 nisi
435 1719 501 1766 jam
533 1719 663 1764 templo
689 1722 922 1767 propinquum
945 1724 1082 1758 adiisset
1104 1725 1204 1760 Sera-

73 1784 156 1829 pion
189 1783 349 1816 diaconus
380 1795 398 1815 a
429 1783 562 1815 Joanne
591 1782 728 1822 missus.
764 1784 1017 1831 monuissetque
1048 1789 1202 1833 periculo

72 1846 176 1891 ipsius
201 1846 363 1884 futurum,
388 1844 417 1877 si
441 1845 534 1890 quod
558 1845 670 1877 animo
695 1845 930 1888 destinaverat,
954 1861 990 1881 re
1015 1849 1085 1894 ipsa
1110 1865 1205 1895 prae-

75 1916 193 1949 staret3
217 1907 259 1939 ad
283 1907 486 1940 seditionem
512 1907 639 1951 quippe
664 1921 736 1940 rem
761 1918 923 1953 spectare.
962 1911 1203 1945 Admonitionc

75 1969 252 2003 deterritus
277 1968 485 2013 Epiphanius
508 1970 631 2013 pedem
655 1970 781 2003 retulit.

165 2031 260 2064 Xlll.
309 2030 405 2064 Circa
438 2031 531 2064 idem
561 2041 694 2076 tempus
726 2032 814 2065 hune
847 2033 934 2066 iuter
959 2044 992 2067 et
1016 2034 1204 2067 Eudoxi-'nn

78 2092 226 2125 simultas
268 2092 466 2125 intervenit:
511 2106 657 2126 caussam
702 2094 792 2127 varie
833 2096 1016 2141 scriptores
1061 2106 1206 2129 narrant.

70 2153 239 2188 >Scribunt
262 2154 331 2186 Leo
358 2154 561 2199 imperator,
594 2165 627 2188 et
651 2156 791 2189 Simeon
823 2159 1065 2203 metaphrastes
1090 2159 1206 2190 liudo-

79 2215 167 2247 xiam
193 2216 384 2256 Augustam,
409 2216 545 2249 inimico
574 2228 611 2250 ut
635 2228 706 2251 erat
730 2219 763 2251 in
782 2220 1059 2265 Chrysustomuui
1081 2219 1207 2260 animo,

81 2278 190 2321 ipsum
216 2277 390 2311 haereseos
422 2280 511 2324 apud
536 2280 764 2325 Epiphanium
797 2291 989 2323 accusasse3
1021 2282 1206 2325 postulasse
