1413 2482
207 78 251 114 34
539 79 651 112 Pei-m
677 79 846 112 Danmus
873 80 1003 113 Humn

207 167 389 202 subdolum
421 168 576 201 libellum
608 182 626 201 a
664 169 786 201 Rufino
821 169 973 201 oblatum
1012 170 1185 202 Anastasio
1215 170 1338 215 Papae,

207 230 353 275 aliasque
376 230 481 274 ipsius
505 230 704 275 scriptiones
729 230 901 274 opusculis
926 231 1126 275 quibusdam
1144 231 1338 275 explosisse,

208 305 287 337 quas
311 305 379 325 non
403 292 495 324 aliud
522 304 592 325 esse
618 291 801 336 conjecerit
825 292 1004 337 quispiam,
1028 306 1127 338 quam
1152 294 1337 337 Apologias

207 356 304 399 ipsas,
329 355 371 386 (le
396 353 516 398 quibus
541 354 693 398 proxime
719 356 1072 388 commemorabimus.

295 416 388 449 ΧΧΙ.
436 416 513 449 Hoc
543 416 617 460 ipso
649 428 737 447 anno
768 416 933 458 geminam
958 417 1072 449 Rufini
1103 418 1279 451 adversum
1302 432 1337 451 se

208 478 411 524 Apologiam
451 478 581 520 gemina
620 477 739 510 itidem
775 479 931 511 adversus
972 479 1132 512 Rufinum
1169 480 1337 524 Apologia

205 542 434 586 Hieronymus
458 534 605 584 excepit:
642 552 720 571 nam
751 553 825 572 cum
859 553 897 573 ex
930 541 1118 574 Occidente
1142 541 1338 587 Hierosoly·

205 617 294 636 mam
319 611 499 635 remeasset
521 601 627 644 ipsius
652 602 754 634 frater
777 602 1013 643 Paulinianus,
1045 603 1150 637 libros
1175 604 1255 636 illos
1278 604 1336 636 ad-

205 679 317 699 versus
342 677 419 696 eum
443 664 646 703 elaboratos,
671 664 824 695 nondum
848 664 986 708 quidem
999 666 1041 697 ab
1056 668 1212 706 Auctore,
1235 678 1336 710 quem

203 737 314 761 metus
338 726 468 759 scilieet
492 735 525 758 et
547 726 662 770 pudor
684 719 897 766 inhibebant,
928 725 962 758 in
986 726 1098 760 lucem
1121 741 1192 761 esse
1217 728 1335 767 editos,

205 791 263 823 sed
288 780 379 821 inter*
399 788 513 821 Rufini
537 796 650 819 tamen
675 787 858 820 familiares
887 787 1096 831 circumferri
1127 789 1336 832 significavit,

204 865 222 884 e
247 851 367 896 quibus
392 862 467 882 cum
493 849 526 881 in
551 849 668 890 vulgus
691 848 846 881 exiissent
869 850 1043 889 nonnulla,
1065 852 1209 884 collecta
1232 864 1271 884 ea
1294 852 1336 884 ad

205 915 341 947 fratrem
380 911 540 956 pertulit:
576 911 668 954 quod
699 911 809 954 ipsum
850 911 1088 955 praestiterunt
1126 925 1189 956 per
1222 911 1335 944 literas

204 973 438 1009 Pammachius
471 982 504 1005 et
542 972 771 1005 Marcellinus.
838 973 915 1005 Non
947 974 988 1005 ad
1019 973 1077 1006 has
1106 973 1193 1018 ipsas
1222 972 1335 1017 itaque

203 1037 318 1071 Rufini
341 1034 558 1079 scriptiones,
585 1035 644 1066 sed
669 1034 710 1066 ad
735 1034 854 1066 relatas
879 1047 896 1066 a
921 1035 1158 1074 Pammachio,
1190 1035 1335 1068 Marcet-

205 1101 288 1140 lino,
313 1108 346 1131 et
370 1097 569 1130 pauliniano
595 1095 846 1128 criminationes
864 1096 1026 1140 priorem,
1050 1110 1149 1141 quam
1163 1096 1334 1135 habemus,

205 1160 410 1206 Apologiam
434 1158 663 1203 Hieronymus
686 1157 871 1189 adornavit.
911 1158 1055 1191 Duobus
1080 1170 1118 1190 ea
1144 1157 1335 1190 continetur

204 1224 309 1265 libris,
333 1231 367 1255 et
391 1219 599 1254 pammachii
631 1232 668 1251 ac
699 1219 889 1251 Marcellini
920 1220 1057 1252 nomine
1089 1219 1248 1264 iuscripta
1274 1227 1334 1258 est,

203 1298 349 1331 quorum
373 1282 507 1315 monitu
530 1283 639 1314 fuerat
664 1281 877 1321 elucubrata3
901 1281 942 1313 ad
960 1293 1018 1313 eos
1037 1294 1116 1314 vero
1132 1280 1333 1319 transmissa,

203 1360 290 1393 quos
317 1345 452 1389 seriptis
480 1343 545 1375 suis
578 1342 718 1375 Rufinus
749 1343 936 1375 afflaverat:
978 1342 1013 1374 in
1049 1355 1153 1387 eaque
1186 1342 1333 1374 declarat

201 1409 428 1453 Hieronymus
452 1404 671 1437 constitutum
704 1416 773 1435 esse
805 1403 868 1435 sibi
900 1403 1065 1448 peculiari
1098 1416 1202 1447 opere
1232 1402 1332 1436 Pam—

202 1470 288 1516 phili
313 1478 347 1502 et
377 1466 516 1500 Eusebii
543 1465 745 1511 Apologiam
776 1465 943 1498 refellere.
992 1467 1084 1498 Haec
1106 1465 1206 1497 simul
1231 1474 1330 1509 atque

202 1533 243 1566 ad
267 1531 428 1564 Rufinum
451 1529 582 1573 perlata
607 1537 667 1566 est,
691 1527 738 1558 ira
757 1527 924 1567 incitatus,
947 1525 1146 1572 responsum
1163 1539 1229 1560 una
1253 1540 1330 1559 cum

201 1591 379 1638 Apologiis
403 1590 493 1623 misit
518 1590 559 1622 ad
584 1589 849 1634 Hieronymum,
875 1602 942 1634 quo
968 1589 1102 1622 hastatis
1125 1602 1202 1622 eum
1227 1589 1331 1634 apici-

200 1656 262 1687 bus
287 1652 469 1691 territabat,
495 1660 640 1683 mortem
665 1650 831 1690 minitans,
859 1661 891 1683 et
904 1651 946 1683 ad
960 1651 1139 1684 tribunalia
1154 1663 1226 1684 sese
1250 1664 1330 1696 pro—

201 1724 411 1754 vocaturum,
434 1713 497 1746 nisi
521 1713 708 1745 maledictis
732 1713 923 1746 abstineret.
971 1715 1097 1746 Verum
1127 1713 1241 1746 futiles
1266 1713 1329 1745 mi-

199 1790 256 1810 nas
297 1777 543 1821 parvipendens
579 1775 824 1821 Hieronymus,
861 1775 1086 1820 posteriorem
1127 1774 1329 1819 Apologiam

199 1839 360 1873 continuo
386 1837 566 1881 rescripsit.

286 1901 399 1933 XXll.
446 1899 528 1931 Post
561 1907 690 1941 septem
729 1910 834 1930 annos
874 1912 973 1943 quam
1015 1900 1097 1931 haec
1137 1907 1208 1930 acta
1239 1907 1326 1938 sunt,

197 1963 287 1996 diem
311 1961 426 1993 clausit
451 1969 636 1992 extrcnmnn
662 1959 808 1992 Melania
832 1960 964 1998 senior,
996 1959 1047 1991 vix
1071 1971 1088 1990 a
1113 1958 1328 2002 quadraginta

197 2025 313 2058 diebus
339 2021 609 2066 Hierosolymam
633 2033 774 2055 reversa.
822 2023 981 2054 Rufinum
1007 2033 1142 2064 quoque
1165 2030 1327 2065 sequente
1350 2004 1360 2013 x

197 2098 304 2126 anno,
336 2084 393 2129 qui
424 2083 487 2115 fuit
511 2095 529 2114 a
554 2082 687 2114 Christo
720 2092 798 2114 nato
823 2083 919 2123 410„
944 2081 1098 2126 Aquileja
1121 2083 1162 2114 ab
1187 2082 1324 2115 Alarico

197 2157 320 2181 vastata
344 2146 377 2178 in
401 2144 516 2178 Sicilia
540 2145 722 2188 profugum
753 2144 892 2187 periisse
924 2145 1024 2176 tradit
1054 2143 1232 2177 Baronius.
1279 2145 1327 2176 At

195 2210 230 2242 in
255 2208 350 2253 epist.
375 2207 417 2239 ad
447 2205 642 2243 Ursacium,
674 2217 773 2249 quani
806 2205 1078 2249 interpretationi
1109 2205 1323 2239 Commenta—

193 2270 322 2303 riorum
346 2267 500 2311 Origenis
523 2265 556 2298 iu
583 2265 705 2297 librum
730 2266 957 2298 humerorum
990 2267 1141 2311 praefixit
1170 2267 1323 2306 Rufinus,
