1422 2472
375 59 560 87 :XPOLOGIA
585 64 654 87 pao
680 55 858 88 Omossxr..
1120 53 1181 89 371

62 143 285 178 :emulatores
317 143 395 177 estis
425 144 614 188 spirituum.
661 144 801 186 Sicut¹)
834 142 921 176 enirn
933 143 968 187 ²)
1000 155 1075 175 cum
1100 156 1183 176 unus

62 205 104 238 sit
127 205 272 250 Spiritus
295 215 442 245 sanctus,
473 204 556 237 tanti
591 218 652 249 per
681 204 828 246 singulos
860 204 1017 237 dicuntur
1039 205 1184 250 Spiritus

61 267 175 308 sancti,
199 267 314 312 quanti
335 276 413 300 sunt
436 266 482 307 hi,
507 266 565 311 qui
590 267 712 299 habent
736 267 769 299 in
793 279 827 299 se
841 265 1004 311 Spiritum
1017 276 1183 300 sanctum:

61 328 107 361 ita
132 338 165 361 et
188 329 230 361 de
256 328 389 363 Christo
423 329 603 361 dicendum
635 338 693 361 est.
745 330 796 361 Ab
827 340 895 361 uno
927 328 1016 361 enim
1047 328 1181 362 Christo

62 390 161 423 multi
183 390 268 424 fiunt
292 389 434 431 Christi,
470 390 511 422 de
547 390 668 435 quibus
692 389 866 434 Scriptura
890 388 988 421 dicit:
1021 388 1182 433 Nolite-³)

60 460 194 493 tangere
219 451 367 485 Christos
391 464 502 491 meos,
535 461 569 484 et
598 451 632 484 in
656 450 831 496 prophetis
854 449 937 482 meis
960 450 1067 484 nolite
1089 452 1183 485 mali-

61 513 164 554 gnari.
210 513 268 547 Sic
293 523 326 546 et
350 514 390 545 ab
414 527 482 546 uno
507 514 584 546 Deo
610 513 657 546 dii
668 513 702 556 ⁴)
733 512 831 545 multi
862 512 1036 552 dicuntur,
1067 526 1183 546 omnes

61 574 188 608 scilicet
211 574 256 616 hi,
282 575 315 607 in
340 575 461 618 quibus
486 574 612 607 habitat
637 575 745 608 Deus:
775 574 880 618 sed⁵)
903 574 1000 607 nobis
1027 588 1112 608 unus
1136 587 1183 609 est

60 636 155 668 Deus
178 636 289 676 Pater,
313 649 352 669 ex
377 649 443 681 quo
469 636 591 669 omnia.
627 636 720 669 Unus
745 647 823 677 ergo
837 635 871 679 ⁶)
897 644 946 668 est
970 648 1066 669 verus
1080 637 1184 678 Deus,

61 697 130 742 qni,
154 707 191 730 ut
215 698 260 730 ita
283 698 436 739 dixerim,
459 707 648 743 praestator
670 707 721 730 est
743 696 892 738 deitatis,
924 706 957 729 et
980 710 1064 730 unus
1089 698 1185 732 Chri-

61 769 129 792 stus
152 759 307 804 factm-⁷)
332 759 564 800 christorum,
605 768 638 791 et
667 771 752 790 uuus
782 757 928 802 Spiritus
949 768 1098 800 sanctus,
1126 761 1185 806 qui

60 833 122 865 per
153 821 296 863 singulas
332 821 457 854 animas
494 830 685 853 sanctorum
719 819 799 851 facit
829 819 995 863 Spiritum
1024 831 1184 857 sanctum.

61 882 212 915 Christus
236 896 335 924 vero,
370 882 457 915 sicut
479 895 541 927 per
566 882 647 922 hoc,
683 881 777 926 quod
811 880 960 914 Christus
986 892 1052 923 est,
1090 883 1186 918 Chri-

60 945 176 988 stosss)
200 945 298 984 facit,
333 944 380 977 ita
403 954 438 977 et
459 957 521 988 per
544 944 625 984 hoc,
663 944 755 987 quod
779 942 888 975 Filius
919 943 986 975 Dei
1009 945 1120 989 est‚⁹)
1153 956 1185 979 et

58 1004 168 1037 Filius
190 1005 349 1050 proprius
373 1015 406 1038 et
428 1005 632 1047 unigenitus,
664 1016 780 1037 omnes
805 1016 881 1045 eos,
911 1004 967 1048 qui
992 1006 1185 1050 percipiunt

60 1067 101 1098 ab
127 1079 167 1099 eo
192 1066 347 1111 spiritum
370 1066 573 1111 adoptionis,
599 1066 687 1098 filios
710 1066 778 1098 Dei
801 1065 914 1098 facin«

150 1127 425 1162 PAMPHILUS.
474 1128 587 1160 Unum
624 1128 689 1159 hoc
725 1126 954 1159 testimonium
991 1137 1056 1169 est,
1093 1131 1184 1174 quod

64 1189 214 1223 Cin-istus
237 1202 334 1222 ¹:erus
358 1202 444 1222 unus
467 1188 521 1228 sit,
547 1188 604 1233 qui
628 1189 887 1233 participatione
911 1189 960 1221 sui
986 1191 1111 1223 multos
1134 1193 1183 1224 fa-

62 1252 173 1296 cit¹⁰)
200 1250 361 1284 Christos.
414 1250 642 1282 Adhibe-amus
672 1260 783 1283 tamen
817 1259 850 1282 et
881 1251 972 1284 aliud
1003 1266 1039 1284 ex
1072 1253 1182 1297 primo

62 1313 149 1345 libro
182 1313 224 1345 de
253 1311 434 1354 Evangelio
465 1312 648 1344 secundum
687 1312 912 1353 Mamaeum,
951 1313 983 1345 in
1021 1327 1088 1358 quo
1120 1315 1186 1348 hoc

63 1374 166 1406 modo
193 1373 284 1407 dicit.

67 1469 265 1513 Apostolus:
306 1468 476 1511 Quoniam
502 1489 542 1494 —
573 1468 784 1512 spitituum.«
839 1469 907 1502 Sed
944 1479 1069 1503 exstant
1104 1471 1184 1504 haec

65 1515 162 1546 verba
187 1527 222 1546 m
248 1512 344 1545 editis
370 1518 415 1557 (v.
441 1527 468 1548 c.
495 1514 573 1546 edd.
600 1514 663 1556 Μ)
688 1514 727 1546 R.
753 1534 793 1539 —
819 1515 831 1546 I
858 1514 936 1547 Cor.
959 1515 1049 1557 le
1075 1516 1127 1551 12

158 1570 188 1612 Ι)
215 1568 300 1602 Cod.
326 1569 547 1601 Sorbonicus:
573 1569 693 1609 „Sicut
718 1569 817 1608 enini¹
844 1569 922 1602 licet
945 1583 1028 1603 unus
1052 1571 1096 1604 sit
1108 1572 1184 1617 Spi-

64 1615 144 1647 ritus
168 1623 310 1653 sanctus,
336 1615 418 1646 tanti
445 1624 554 1646 tamen
577 1628 637 1658 pei
660 1615 829 1656 singulos“
853 1624 915 1648 etc.
940 1615 980 1648 Ρι.

155 1671 190 1712 ²)
214 1669 307 1702 Editi
331 1672 379 1712 (v.
405 1683 431 1702 c.
457 1670 534 1702 edd.
559 1670 623 1712 M.)
657 1672 817 1702 omittunt
844 1669 962 1711 neuim,
967 1684 983 1697 α
1017 1673 1108 1723 quod
1133 1686 1183 1704 re-

64 1716 205 1748 stituunt
229 1728 344 1747 omnes
367 1715 447 1748 ,Μῦς
473 1716 512 1746 R.
539 1735 579 1740 —
605 1715 690 1747 Edd
715 1716 760 1748 M.
790 1715 1004 1759 »spii-ituum:
1036 1730 1083 1749 εις
1107 1732 1182 1750 cum

65 1773 148 1793 unus
171 1760 230 1792 sit«
258 1770 322 1792 etc.

156 1817 189 1858 ³)
215 1817 334 1849 Psaim.
361 1817 431 1855 CV,
458 1817 510 1850 15.
539 1817 662 1861 (CIV)

158 1872 191 1915 ⁴)
215 1872 301 1905 Edd.
329 1873 374 1906 M.
403 1873 520 1904 »multi
543 1872 620 1904 dii.«

160 1929 192 1969 ⁵)
221 1929 228 1959 Ι
259 1929 336 1960 Cor.
362 1929 451 1968 Vlll,
475 1929 505 1962 6.
600 1930 634 1970 6)
662 1929 746 1962 Edd.
772 1930 820 1962 M.
848 1939 914 1961 uest
939 1943 1048 1971 ergon(

161 1986 193 2028 ⁷)
219 1984 304 2018 Cod.
338 1985 418 2026 Reg.
454 1986 588 2017 »factor
613 1985 916 2018 Christianorumu
967 1986 1077 2018 Ceteri
1104 1987 1182 2019 Mss.

68 2039 100 2062 net
125 2029 206 2062 editi
231 2033 276 2072 (v.
302 2042 328 2061 c.
354 2030 428 2062 edd.
455 2031 520 2070 M.)
547 2040 584 2063 ut
610 2031 642 2062 in
667 2040 770 2065 textu.
796 2032 834 2063 Ρι.

160 2086 194 2127 5’)
219 2086 304 2117 Edd.
332 2086 378 2118 M.
407 2087 504 2119 »facit
531 2086 711 2119 Christos.«

158 2141 191 2184 ⁹)
215 2141 433 2174 Desidet-‘ntur
460 2153 545 2175 nest«
572 2143 605 2175 iu
631 2144 706 2176 edd.
733 2143 778 2176 M.
810 2142 877 2175 Cfr.
899 2142 1067 2176 emansit.
1085 2143 1182 2176 Tmn,

68 2186 157 2219 ΧΙΙΙ.
183 2199 255 2230 pag.
279 2187 356 2220 235.

141 2243 192 2285 ¹⁰)
218 2242 274 2274 Sic
299 2243 375 2276 Mss.
426 2244 515 2276 Editi
550 2257 627 2276 vei-o
655 2247 699 2288 (v.
727 2258 752 2277 ο.
781 2244 855 2276 edd.
881 2243 946 2287 M.)
980 2243 1115 2275 ”saciata
1145 2244 1183 2276 R.

793 2304 869 2338 2'4'3'3‘
