<?xml version="1.0" encoding="UTF-8"?>
<!DOCTYPE html PUBLIC "-//W3C//DTD XHTML 1.0 Transitional//EN"
    "http://www.w3.org/TR/xhtml1/DTD/xhtml1-transitional.dtd">
<html xmlns="http://www.w3.org/1999/xhtml" xml:lang="en" lang="en">
 <head>
  <title>
</title>
<meta http-equiv="Content-Type" content="text/html;charset=utf-8" />
  <meta name='ocr-system' content='tesseract 3.04.00' />
  <meta name='ocr-capabilities' content='ocr_page ocr_carea ocr_par ocr_line ocrx_word'/>
</head>
<body>
  <div class='ocr_page' id='page_1' title='image "./operaomniaquaegr24orig/operaomniaquaegr24orig_0311.png"; bbox 0 0 1422 2472; ppageno 0'>
   <div class='ocr_carea' id='block_1_1' title="bbox 374 66 1179 103">
    <p class='ocr_par' dir='ltr' id='par_1_1' title="bbox 374 66 1179 103">
     <span class='ocr_line' id='line_1_1' title="bbox 374 66 1179 103; baseline 0 -1"><span class='ocrx_word' id='word_1_1' title='bbox 374 71 560 103; x_wconf 70' lang='lat' dir='ltr'><strong>ApotomA</strong></span> <span class='ocrx_word' id='word_1_2' title='bbox 584 78 654 102; x_wconf 76' lang='lat' dir='ltr'><strong>pno</strong></span> <span class='ocrx_word' id='word_1_3' title='bbox 681 69 857 102; x_wconf 66' lang='lat' dir='ltr'><strong>Omeexn.</strong></span> <span class='ocrx_word' id='word_1_4' title='bbox 1112 66 1179 102; x_wconf 77' lang='lat'><strong>295</strong></span> 
     </span>
    </p>
   </div>
   <div class='ocr_carea' id='block_1_2' title="bbox 47 156 1180 1622">
    <p class='ocr_par' dir='ltr' id='par_1_2' title="bbox 47 156 1180 1622">
     <span class='ocr_line' id='line_1_2' title="bbox 53 156 1180 201; baseline -0.003 -10"><span class='ocrx_word' id='word_1_5' title='bbox 53 169 172 201; x_wconf 80' lang='lat' dir='ltr'><strong>magno</strong></span> <span class='ocrx_word' id='word_1_6' title='bbox 196 158 318 192; x_wconf 87' lang='lat' dir='ltr'><strong>timore</strong></span> <span class='ocrx_word' id='word_1_7' title='bbox 343 158 409 198; x_wconf 81' lang='lat' dir='ltr'><strong>dci,</strong></span> <span class='ocrx_word' id='word_1_8' title='bbox 435 169 468 192; x_wconf 86' lang='lat' dir='ltr'><strong>et</strong></span> <span class='ocrx_word' id='word_1_9' title='bbox 492 173 567 193; x_wconf 89' lang='lat' dir='ltr'><strong>cum</strong></span> <span class='ocrx_word' id='word_1_10' title='bbox 594 158 686 192; x_wconf 85' lang='lat' dir='ltr'><strong>omni</strong></span> <span class='ocrx_word' id='word_1_11' title='bbox 709 157 898 190; x_wconf 79' lang='lat' dir='ltr'><strong>humilitate</strong></span> <span class='ocrx_word' id='word_1_12' title='bbox 912 156 1078 196; x_wconf 88' lang='lat' dir='ltr'><strong>dicuntur,</strong></span> <span class='ocrx_word' id='word_1_13' title='bbox 1104 169 1180 189; x_wconf 89' lang='lat' dir='ltr'><strong>cum</strong></span> 
     </span>
     <span class='ocr_line' id='line_1_3' title="bbox 54 218 1179 266; baseline -0.002 -14"><span class='ocrx_word' id='word_1_14' title='bbox 54 220 184 253; x_wconf 80' lang='lat' dir='ltr'><strong>veniam</strong></span> <span class='ocrx_word' id='word_1_15' title='bbox 208 220 294 265; x_wconf 86' lang='lat' dir='ltr'><strong>petit</strong></span> <span class='ocrx_word' id='word_1_16' title='bbox 316 234 379 265; x_wconf 90' lang='lat' dir='ltr'><strong>pro</strong></span> <span class='ocrx_word' id='word_1_17' title='bbox 404 221 472 261; x_wconf 79' lang='lat' dir='ltr'><strong>his,</strong></span> <span class='ocrx_word' id='word_1_18' title='bbox 504 234 587 266; x_wconf 76' lang='lat' dir='ltr'><strong>quae</strong></span> <span class='ocrx_word' id='word_1_19' title='bbox 622 233 685 265; x_wconf 88' lang='lat' dir='ltr'><strong>per</strong></span> <span class='ocrx_word' id='word_1_20' title='bbox 711 219 849 252; x_wconf 77' lang='lat' dir='ltr'><strong>nimiam</strong></span> <span class='ocrx_word' id='word_1_21' title='bbox 881 218 1120 252; x_wconf 72' lang='lat' dir='ltr'><strong>discussionem</strong></span> <span class='ocrx_word' id='word_1_22' title='bbox 1145 227 1179 250; x_wconf 84' lang='lat' dir='ltr'><strong>et</strong></span> 
     </span>
     <span class='ocr_line' id='line_1_4' title="bbox 53 279 1177 327; baseline -0.003 -12"><span class='ocrx_word' id='word_1_23' title='bbox 53 294 114 326; x_wconf 86' lang='lat' dir='ltr'><strong>per</strong></span> <span class='ocrx_word' id='word_1_24' title='bbox 137 282 276 316; x_wconf 81' lang='lat' dir='ltr'><strong>multam</strong></span> <span class='ocrx_word' id='word_1_25' title='bbox 299 281 538 316; x_wconf 74' lang='lat' dir='ltr'>scrutationem</span> <span class='ocrx_word' id='word_1_26' title='bbox 561 282 812 327; x_wconf 79' lang='lat' dir='ltr'><strong>Scripturarum</strong></span> <span class='ocrx_word' id='word_1_27' title='bbox 843 280 955 313; x_wconf 83' lang='lat' dir='ltr'><strong>animo</strong></span> <span class='ocrx_word' id='word_1_28' title='bbox 981 279 1177 325; x_wconf 83' lang='lat' dir='ltr'><strong>disputantis</strong></span> 
     </span>
     <span class='ocr_line' id='line_1_5' title="bbox 53 342 1175 389; baseline -0.002 -13"><span class='ocrx_word' id='word_1_29' title='bbox 53 353 250 377; x_wconf 83' lang='lat' dir='ltr'><strong>occurrunt:</strong></span> <span class='ocrx_word' id='word_1_30' title='bbox 276 357 359 389; x_wconf 73' lang='lat' dir='ltr'><strong>quae</strong></span> <span class='ocrx_word' id='word_1_31' title='bbox 385 357 460 376; x_wconf 88' lang='lat' dir='ltr'><strong>cum</strong></span> <span class='ocrx_word' id='word_1_32' title='bbox 485 344 633 389; x_wconf 83' lang='lat' dir='ltr'>exponit,</span> <span class='ocrx_word' id='word_1_33' title='bbox 657 345 852 388; x_wconf 84' lang='lat' dir='ltr'><strong>frequenter</strong></span> <span class='ocrx_word' id='word_1_34' title='bbox 874 344 998 376; x_wconf 83' lang='lat' dir='ltr'>addere</span> <span class='ocrx_word' id='word_1_35' title='bbox 1021 342 1120 382; x_wconf 88' lang='lat' dir='ltr'><strong>solet,</strong></span> <span class='ocrx_word' id='word_1_36' title='bbox 1141 350 1175 374; x_wconf 89' lang='lat' dir='ltr'><strong>et</strong></span> 
     </span>
     <span class='ocr_line' id='line_1_6' title="bbox 50 405 1177 451; baseline -0.002 -13"><span class='ocrx_word' id='word_1_37' title='bbox 50 406 203 450; x_wconf 72' lang='lat' dir='ltr'><strong>profiteri</strong></span> <span class='ocrx_word' id='word_1_38' title='bbox 226 419 261 438; x_wconf 84' lang='lat' dir='ltr'><strong>se</strong></span> <span class='ocrx_word' id='word_1_39' title='bbox 284 419 353 440; x_wconf 89' lang='lat' dir='ltr'><strong>non</strong></span> <span class='ocrx_word' id='word_1_40' title='bbox 377 405 457 438; x_wconf 83' lang='lat' dir='ltr'><strong>haec</strong></span> <span class='ocrx_word' id='word_1_41' title='bbox 481 406 573 451; x_wconf 78' lang='lat' dir='ltr'><strong>quasi</strong></span> <span class='ocrx_word' id='word_1_42' title='bbox 597 406 767 439; x_wconf 77' lang='lat' dir='ltr'><strong>definitiva</strong></span> <span class='ocrx_word' id='word_1_43' title='bbox 797 405 1014 450; x_wconf 82' lang='lat' dir='ltr'><strong>pronuntiare</strong></span> <span class='ocrx_word' id='word_1_44' title='bbox 1045 414 1177 438; x_wconf 87' lang='lat' dir='ltr'><strong>senten-</strong></span> 
     </span>
     <span class='ocr_line' id='line_1_7' title="bbox 50 464 1176 512; baseline -0.002 -13"><span class='ocrx_word' id='word_1_45' title='bbox 50 467 105 507; x_wconf 82' lang='lat' dir='ltr'><strong>tia,</strong></span> <span class='ocrx_word' id='word_1_46' title='bbox 129 480 191 500; x_wconf 88' lang='lat' dir='ltr'><strong>nec</strong></span> <span class='ocrx_word' id='word_1_47' title='bbox 214 476 339 500; x_wconf 75' lang='lat' dir='ltr'><strong>statuto</strong></span> <span class='ocrx_word' id='word_1_48' title='bbox 364 467 519 509; x_wconf 75' lang='lat' dir='ltr'>dogmate</span> <span class='ocrx_word' id='word_1_49' title='bbox 543 467 739 507; x_wconf 80' lang='lat' dir='ltr'><strong>terminare,</strong></span> <span class='ocrx_word' id='word_1_50' title='bbox 762 468 821 500; x_wconf 88' lang='lat' dir='ltr'><strong>sed</strong></span> <span class='ocrx_word' id='word_1_51' title='bbox 845 466 1015 512; x_wconf 87' lang='lat' dir='ltr'><strong>inquirere</strong></span> <span class='ocrx_word' id='word_1_52' title='bbox 1038 479 1101 510; x_wconf 88' lang='lat' dir='ltr'><strong>pro</strong></span> <span class='ocrx_word' id='word_1_53' title='bbox 1127 464 1176 497; x_wconf 89' lang='lat' dir='ltr'><strong>vi-</strong></span> 
     </span>
     <span class='ocr_line' id='line_1_8' title="bbox 49 529 1174 574; baseline -0.002 -13"><span class='ocrx_word' id='word_1_54' title='bbox 49 529 151 569; x_wconf 87' lang='lat' dir='ltr'><strong>ribus,</strong></span> <span class='ocrx_word' id='word_1_55' title='bbox 176 540 210 561; x_wconf 82' lang='lat' dir='ltr'><strong>et</strong></span> <span class='ocrx_word' id='word_1_56' title='bbox 232 541 365 561; x_wconf 87' lang='lat' dir='ltr'><strong>sensum</strong></span> <span class='ocrx_word' id='word_1_57' title='bbox 389 529 553 562; x_wconf 86' lang='lat' dir='ltr'><strong>discutere</strong></span> <span class='ocrx_word' id='word_1_58' title='bbox 577 529 844 574; x_wconf 83' lang='lat' dir='ltr'><strong>Scripturarum,</strong></span> <span class='ocrx_word' id='word_1_59' title='bbox 874 541 937 561; x_wconf 87' lang='lat' dir='ltr'><strong>nec</strong></span> <span class='ocrx_word' id='word_1_60' title='bbox 959 538 1071 561; x_wconf 83' lang='lat' dir='ltr'><strong>tamen</strong></span> <span class='ocrx_word' id='word_1_61' title='bbox 1094 540 1174 572; x_wconf 91' lang='lat' dir='ltr'><strong>pro-</strong></span> 
     </span>
     <span class='ocr_line' id='line_1_9' title="bbox 49 588 1172 635; baseline -0.002 -12"><span class='ocrx_word' id='word_1_62' title='bbox 49 590 137 623; x_wconf 78' lang='lat' dir='ltr'><strong>fiteri</strong></span> <span class='ocrx_word' id='word_1_63' title='bbox 162 591 254 635; x_wconf 86' lang='lat' dir='ltr'><strong>quod</strong></span> <span class='ocrx_word' id='word_1_64' title='bbox 278 590 404 632; x_wconf 80' lang='lat' dir='ltr'><strong>integre</strong></span> <span class='ocrx_word' id='word_1_65' title='bbox 430 591 647 635; x_wconf 78' lang='lat' dir='ltr'><strong>perfecteque</strong></span> <span class='ocrx_word' id='word_1_66' title='bbox 671 589 983 634; x_wconf 74' lang='lat' dir='ltr'><strong>comprehenderit3</strong></span> <span class='ocrx_word' id='word_1_67' title='bbox 1009 588 1172 633; x_wconf 77' lang='lat' dir='ltr'><strong>suspicari</strong></span> 
     </span>
     <span class='ocr_line' id='line_1_10' title="bbox 48 652 1172 696; baseline -0.002 -12"><span class='ocrx_word' id='word_1_68' title='bbox 48 652 151 694; x_wconf 82' lang='lat' dir='ltr'><strong>magis</strong></span> <span class='ocrx_word' id='word_1_69' title='bbox 171 660 209 684; x_wconf 86' lang='lat' dir='ltr'><strong>&#39;se</strong></span> <span class='ocrx_word' id='word_1_70' title='bbox 235 652 275 684; x_wconf 89' lang='lat' dir='ltr'><strong>de</strong></span> <span class='ocrx_word' id='word_1_71' title='bbox 300 652 557 696; x_wconf 78' lang='lat' dir='ltr'>quamplurimis</span> <span class='ocrx_word' id='word_1_72' title='bbox 580 652 705 692; x_wconf 86' lang='lat' dir='ltr'><strong>dicens,</strong></span> <span class='ocrx_word' id='word_1_73' title='bbox 729 665 790 685; x_wconf 88' lang='lat' dir='ltr'><strong>nec</strong></span> <span class='ocrx_word' id='word_1_74' title='bbox 813 661 924 685; x_wconf 84' lang='lat' dir='ltr'><strong>tamen</strong></span> <span class='ocrx_word' id='word_1_75' title='bbox 944 660 1072 684; x_wconf 86' lang='lat' dir='ltr'><strong>certum</strong></span> <span class='ocrx_word' id='word_1_76' title='bbox 1090 662 1172 689; x_wconf 86' lang='lat' dir='ltr'><strong>esse,</strong></span> 
     </span>
     <span class='ocr_line' id='line_1_11' title="bbox 48 712 1171 758; baseline -0.002 -12"><span class='ocrx_word' id='word_1_77' title='bbox 48 713 126 758; x_wconf 79' lang='lat' dir='ltr'><strong>quia</strong></span> <span class='ocrx_word' id='word_1_78' title='bbox 149 713 182 746; x_wconf 87' lang='lat' dir='ltr'><strong>in</strong></span> <span class='ocrx_word' id='word_1_79' title='bbox 209 712 365 746; x_wconf 80' lang='lat' dir='ltr'><strong>omnibus</strong></span> <span class='ocrx_word' id='word_1_80' title='bbox 399 714 491 758; x_wconf 87' lang='lat' dir='ltr'><strong>quod</strong></span> <span class='ocrx_word' id='word_1_81' title='bbox 514 714 703 758; x_wconf 77' lang='lat' dir='ltr'><strong>perfectum</strong></span> <span class='ocrx_word' id='word_1_82' title='bbox 728 723 778 746; x_wconf 88' lang='lat' dir='ltr'><strong>est</strong></span> <span class='ocrx_word' id='word_1_83' title='bbox 802 723 835 746; x_wconf 88' lang='lat' dir='ltr'><strong>et</strong></span> <span class='ocrx_word' id='word_1_84' title='bbox 857 713 1023 755; x_wconf 86' lang='lat' dir='ltr'><strong>integrum</strong></span> <span class='ocrx_word' id='word_1_85' title='bbox 1043 725 1171 745; x_wconf 78' lang='lat' dir='ltr'><strong>assecu—</strong></span> 
     </span>
     <span class='ocr_line' id='line_1_12' title="bbox 47 769 1171 820; baseline -0.002 -12"><span class='ocrx_word' id='word_1_86' title='bbox 47 786 99 808; x_wconf 88' lang='lat' dir='ltr'><strong>tus</strong></span> <span class='ocrx_word' id='word_1_87' title='bbox 125 776 178 809; x_wconf 81' lang='lat' dir='ltr'><strong>sit.</strong></span> <span class='ocrx_word' id='word_1_88' title='bbox 226 775 293 809; x_wconf 88' lang='lat' dir='ltr'><strong>Sed</strong></span> <span class='ocrx_word' id='word_1_89' title='bbox 318 784 352 807; x_wconf 90' lang='lat' dir='ltr'><strong>et</strong></span> <span class='ocrx_word' id='word_1_90' title='bbox 367 769 612 820; x_wconf 45' lang='lat' dir='ltr'><strong>&#39;nonnunquam</strong></span> <span class='ocrx_word' id='word_1_91' title='bbox 645 775 833 808; x_wconf 76' lang='lat' dir='ltr'><strong>invenimus</strong></span> <span class='ocrx_word' id='word_1_92' title='bbox 863 789 939 809; x_wconf 87' lang='lat' dir='ltr'><strong>eum</strong></span> <span class='ocrx_word' id='word_1_93' title='bbox 973 775 1060 817; x_wconf 88' lang='lat' dir='ltr'><strong>de¹)</strong></span> <span class='ocrx_word' id='word_1_94' title='bbox 1084 775 1171 807; x_wconf 83' lang='lat' dir='ltr'><strong>mul—</strong></span> 
     </span>
     <span class='ocr_line' id='line_1_13' title="bbox 47 835 1168 883; baseline -0.002 -13"><span class='ocrx_word' id='word_1_95' title='bbox 47 838 87 870; x_wconf 87' lang='lat' dir='ltr'><strong>tis</strong></span> <span class='ocrx_word' id='word_1_96' title='bbox 113 838 248 870; x_wconf 81' lang='lat' dir='ltr'><strong>haerere</strong></span> <span class='ocrx_word' id='word_1_97' title='bbox 272 850 306 870; x_wconf 89' lang='lat' dir='ltr'><strong>se</strong></span> <span class='ocrx_word' id='word_1_98' title='bbox 331 838 567 882; x_wconf 82' lang='lat' dir='ltr'><strong>profitentem,</strong></span> <span class='ocrx_word' id='word_1_99' title='bbox 590 837 623 869; x_wconf 88' lang='lat' dir='ltr'><strong>in</strong></span> <span class='ocrx_word' id='word_1_100' title='bbox 648 837 768 882; x_wconf 89' lang='lat' dir='ltr'><strong>quibus</strong></span> <span class='ocrx_word' id='word_1_101' title='bbox 793 851 830 870; x_wconf 85' lang='lat' dir='ltr'><strong>ea</strong></span> <span class='ocrx_word' id='word_1_102' title='bbox 854 837 1002 883; x_wconf 83' lang='lat' dir='ltr'><strong>quidem,</strong></span> <span class='ocrx_word' id='word_1_103' title='bbox 1025 849 1109 881; x_wconf 80' lang='lat' dir='ltr'><strong>quae</strong></span> <span class='ocrx_word' id='word_1_104' title='bbox 1135 835 1168 868; x_wconf 90' lang='lat' dir='ltr'><strong>in</strong></span> 
     </span>
     <span class='ocr_line' id='line_1_14' title="bbox 47 898 1170 944; baseline -0.001 -12"><span class='ocrx_word' id='word_1_105' title='bbox 47 899 276 944; x_wconf 82' lang='lat' dir='ltr'><strong>quaestionem</strong></span> <span class='ocrx_word' id='word_1_106' title='bbox 302 898 450 939; x_wconf 84' lang='lat' dir='ltr'><strong>veniunt,</strong></span> <span class='ocrx_word' id='word_1_107' title='bbox 473 908 598 939; x_wconf 87' lang='lat' dir='ltr'><strong>movet,</strong></span> <span class='ocrx_word' id='word_1_108' title='bbox 622 913 684 932; x_wconf 92' lang='lat' dir='ltr'><strong>nec</strong></span> <span class='ocrx_word' id='word_1_109' title='bbox 709 909 819 932; x_wconf 75' lang='lat' dir='ltr'><strong>tamen</strong></span> <span class='ocrx_word' id='word_1_110' title='bbox 842 913 961 933; x_wconf 87' lang='lat' dir='ltr'><strong>eorum</strong></span> <span class='ocrx_word' id='word_1_111' title='bbox 984 899 1170 932; x_wconf 78' lang='lat' dir='ltr'><strong>absolutio-</strong></span> 
     </span>
     <span class='ocr_line' id='line_1_15' title="bbox 47 960 1168 1007; baseline -0.001 -13"><span class='ocrx_word' id='word_1_112' title='bbox 47 974 104 994; x_wconf 86' lang='lat' dir='ltr'><strong>nes</strong></span> <span class='ocrx_word' id='word_1_113' title='bbox 128 960 286 1005; x_wconf 79' lang='lat' dir='ltr'><strong>adjungit,</strong></span> <span class='ocrx_word' id='word_1_114' title='bbox 309 961 367 993; x_wconf 84' lang='lat' dir='ltr'><strong>sed</strong></span> <span class='ocrx_word' id='word_1_115' title='bbox 393 974 467 992; x_wconf 91' lang='lat' dir='ltr'><strong>cum</strong></span> <span class='ocrx_word' id='word_1_116' title='bbox 493 962 585 993; x_wconf 88' lang='lat' dir='ltr'><strong>omni</strong></span> <span class='ocrx_word' id='word_1_117' title='bbox 609 961 796 995; x_wconf 81' lang='lat' dir='ltr'><strong>humilitate</strong></span> <span class='ocrx_word' id='word_1_118' title='bbox 829 963 907 1007; x_wconf 81' lang='lat' dir='ltr'><strong>et²)</strong></span> <span class='ocrx_word' id='word_1_119' title='bbox 939 962 1077 994; x_wconf 76' lang='lat' dir='ltr'><strong>veritate</strong></span> <span class='ocrx_word' id='word_1_120' title='bbox 1100 974 1168 993; x_wconf 87' lang='lat' dir='ltr'><strong>nou</strong></span> 
     </span>
     <span class='ocr_line' id='line_1_16' title="bbox 48 1021 1170 1067; baseline -0.001 -12"><span class='ocrx_word' id='word_1_121' title='bbox 48 1022 213 1055; x_wconf 87' lang='lat' dir='ltr'><strong>erubescit</strong></span> <span class='ocrx_word' id='word_1_122' title='bbox 235 1021 332 1054; x_wconf 71' lang='lat' dir='ltr'><strong>fateri</strong></span> <span class='ocrx_word' id='word_1_123' title='bbox 357 1022 438 1054; x_wconf 81' lang='lat' dir='ltr'><strong>haee</strong></span> <span class='ocrx_word' id='word_1_124' title='bbox 460 1022 525 1054; x_wconf 86' lang='lat' dir='ltr'><strong>sibi</strong></span> <span class='ocrx_word' id='word_1_125' title='bbox 549 1035 617 1054; x_wconf 90' lang='lat' dir='ltr'><strong>non</strong></span> <span class='ocrx_word' id='word_1_126' title='bbox 652 1022 792 1067; x_wconf 81' lang='lat' dir='ltr'><strong>liquere.</strong></span> <span class='ocrx_word' id='word_1_127' title='bbox 839 1023 1040 1056; x_wconf 78' lang='lat' dir='ltr'><strong>Audivimus</strong></span> <span class='ocrx_word' id='word_1_128' title='bbox 1069 1023 1170 1055; x_wconf 83' lang='lat' dir='ltr'><strong>etiam</strong></span> 
     </span>
     <span class='ocr_line' id='line_1_17' title="bbox 48 1083 1170 1129; baseline -0.001 -12"><span class='ocrx_word' id='word_1_129' title='bbox 48 1085 135 1117; x_wconf 82' lang='lat' dir='ltr'><strong>illud</strong></span> <span class='ocrx_word' id='word_1_130' title='bbox 160 1085 201 1116; x_wconf 83' lang='lat' dir='ltr'><strong>ab</strong></span> <span class='ocrx_word' id='word_1_131' title='bbox 225 1096 266 1116; x_wconf 85' lang='lat' dir='ltr'><strong>eo</strong></span> <span class='ocrx_word' id='word_1_132' title='bbox 291 1083 484 1127; x_wconf 80' lang='lat' dir='ltr'><strong>frequenter</strong></span> <span class='ocrx_word' id='word_1_133' title='bbox 505 1083 626 1123; x_wconf 83' lang='lat' dir='ltr'><strong>intexi,</strong></span> <span class='ocrx_word' id='word_1_134' title='bbox 650 1085 742 1128; x_wconf 86' lang='lat' dir='ltr'><strong>quod</strong></span> <span class='ocrx_word' id='word_1_135' title='bbox 765 1084 866 1117; x_wconf 81' lang='lat' dir='ltr'><strong>hodie</strong></span> <span class='ocrx_word' id='word_1_136' title='bbox 890 1099 931 1117; x_wconf 90' lang='lat' dir='ltr'><strong>ne</strong></span> <span class='ocrx_word' id='word_1_137' title='bbox 955 1085 1009 1118; x_wconf 77' lang='lat' dir='ltr'><strong>isti</strong></span> <span class='ocrx_word' id='word_1_138' title='bbox 1034 1084 1170 1129; x_wconf 83' lang='lat' dir='ltr'><strong>quidem</strong></span> 
     </span>
     <span class='ocr_line' id='line_1_18' title="bbox 48 1144 1171 1192; baseline -0.001 -13"><span class='ocrx_word' id='word_1_139' title='bbox 48 1147 158 1191; x_wconf 74' lang='lat' dir='ltr'><strong>ipsi3)</strong></span> <span class='ocrx_word' id='word_1_140' title='bbox 181 1144 423 1189; x_wconf 73' lang='lat' dir='ltr'><strong>imperitissimi</strong></span> <span class='ocrx_word' id='word_1_141' title='bbox 447 1144 598 1177; x_wconf 86' lang='lat' dir='ltr'><strong>omnium</strong></span> <span class='ocrx_word' id='word_1_142' title='bbox 622 1146 865 1179; x_wconf 77' lang='lat' dir='ltr'><strong>obtrectatores</strong></span> <span class='ocrx_word' id='word_1_143' title='bbox 890 1146 959 1192; x_wconf 83' lang='lat' dir='ltr'><strong>ejus</strong></span> <span class='ocrx_word' id='word_1_144' title='bbox 978 1146 1090 1179; x_wconf 87' lang='lat' dir='ltr'><strong>dicere</strong></span> <span class='ocrx_word' id='word_1_145' title='bbox 1113 1146 1171 1178; x_wconf 85' lang='lat' dir='ltr'><strong>de·</strong></span> 
     </span>
     <span class='ocr_line' id='line_1_19' title="bbox 48 1206 1171 1252; baseline -0.001 -11"><span class='ocrx_word' id='word_1_146' title='bbox 48 1207 282 1252; x_wconf 75' lang='lat' dir='ltr'><strong>dignantur,⁴)</strong></span> <span class='ocrx_word' id='word_1_147' title='bbox 307 1216 344 1239; x_wconf 93' lang='lat' dir='ltr'><strong>ut</strong></span> <span class='ocrx_word' id='word_1_148' title='bbox 365 1206 392 1238; x_wconf 88' lang='lat' dir='ltr'><strong>si</strong></span> <span class='ocrx_word' id='word_1_149' title='bbox 417 1206 490 1251; x_wconf 89' lang='lat' dir='ltr'><strong>quis</strong></span> <span class='ocrx_word' id='word_1_150' title='bbox 514 1206 634 1239; x_wconf 86' lang='lat' dir='ltr'><strong>melius</strong></span> <span class='ocrx_word' id='word_1_151' title='bbox 658 1208 700 1239; x_wconf 90' lang='lat' dir='ltr'><strong>de</strong></span> <span class='ocrx_word' id='word_1_152' title='bbox 724 1208 774 1240; x_wconf 90' lang='lat' dir='ltr'><strong>his</strong></span> <span class='ocrx_word' id='word_1_153' title='bbox 799 1208 893 1248; x_wconf 86' lang='lat' dir='ltr'><strong>locis,</strong></span> <span class='ocrx_word' id='word_1_154' title='bbox 916 1221 1000 1252; x_wconf 73' lang='lat' dir='ltr'><strong>quae</strong></span> <span class='ocrx_word' id='word_1_155' title='bbox 1023 1208 1084 1240; x_wconf 85' lang='lat' dir='ltr'><strong>ille</strong></span> <span class='ocrx_word' id='word_1_156' title='bbox 1105 1207 1171 1240; x_wconf 84' lang='lat' dir='ltr'><strong>dis-</strong></span> 
     </span>
     <span class='ocr_line' id='line_1_20' title="bbox 47 1267 1170 1314; baseline -0.003 -11"><span class='ocrx_word' id='word_1_157' title='bbox 47 1270 162 1309; x_wconf 88' lang='lat' dir='ltr'><strong>seruit,</strong></span> <span class='ocrx_word' id='word_1_158' title='bbox 186 1268 316 1308; x_wconf 82' lang='lat' dir='ltr'><strong>dixerit,</strong></span> <span class='ocrx_word' id='word_1_159' title='bbox 339 1267 393 1301; x_wconf 88' lang='lat' dir='ltr'><strong>vel</strong></span> <span class='ocrx_word' id='word_1_160' title='bbox 418 1268 620 1312; x_wconf 83' lang='lat' dir='ltr'><strong>exposuerit,</strong></span> <span class='ocrx_word' id='word_1_161' title='bbox 644 1268 694 1301; x_wconf 82' lang='lat' dir='ltr'><strong>illi</strong></span> <span class='ocrx_word' id='word_1_162' title='bbox 719 1270 841 1314; x_wconf 85' lang='lat' dir='ltr'><strong>potius,</strong></span> <span class='ocrx_word' id='word_1_163' title='bbox 866 1270 922 1314; x_wconf 89' lang='lat' dir='ltr'><strong>qui</strong></span> <span class='ocrx_word' id='word_1_164' title='bbox 941 1269 1062 1302; x_wconf 85' lang='lat' dir='ltr'><strong>rectius</strong></span> <span class='ocrx_word' id='word_1_165' title='bbox 1079 1269 1170 1301; x_wconf 83' lang='lat' dir='ltr'><strong>dixe—</strong></span> 
     </span>
     <span class='ocr_line' id='line_1_21' title="bbox 47 1330 1168 1377; baseline -0.003 -12"><span class='ocrx_word' id='word_1_166' title='bbox 47 1332 102 1373; x_wconf 85' lang='lat' dir='ltr'><strong>rit,</strong></span> <span class='ocrx_word' id='word_1_167' title='bbox 127 1344 225 1377; x_wconf 80' lang='lat' dir='ltr'><strong>quam</strong></span> <span class='ocrx_word' id='word_1_168' title='bbox 249 1330 313 1363; x_wconf 86' lang='lat' dir='ltr'><strong>sibi</strong></span> <span class='ocrx_word' id='word_1_169' title='bbox 337 1331 468 1373; x_wconf 76' lang='lat' dir='ltr'><strong>esset5)</strong></span> <span class='ocrx_word' id='word_1_170' title='bbox 502 1331 768 1365; x_wconf 82' lang='lat' dir='ltr'><strong>auscultandum.</strong></span> <span class='ocrx_word' id='word_1_171' title='bbox 814 1332 990 1364; x_wconf 76' lang='lat' dir='ltr'><strong>Praeterea</strong></span> <span class='ocrx_word' id='word_1_172' title='bbox 1014 1343 1168 1375; x_wconf 88' lang='lat' dir='ltr'><strong>compre—</strong></span> 
     </span>
     <span class='ocr_line' id='line_1_22' title="bbox 48 1392 1169 1438; baseline -0.003 -11"><span class='ocrx_word' id='word_1_173' title='bbox 48 1393 224 1427; x_wconf 80' lang='lat' dir='ltr'><strong>hendimus</strong></span> <span class='ocrx_word' id='word_1_174' title='bbox 261 1405 338 1424; x_wconf 90' lang='lat' dir='ltr'><strong>eum</strong></span> <span class='ocrx_word' id='word_1_175' title='bbox 370 1404 611 1436; x_wconf 79' lang='lat' dir='ltr'><strong>nonnunquam</strong></span> <span class='ocrx_word' id='word_1_176' title='bbox 648 1392 791 1426; x_wconf 83' lang='lat' dir='ltr'><strong>diversas</strong></span> <span class='ocrx_word' id='word_1_177' title='bbox 826 1393 1052 1438; x_wconf 79' lang='lat' dir='ltr'><strong>expositiones</strong></span> <span class='ocrx_word' id='word_1_178' title='bbox 1084 1392 1169 1438; x_wconf 81' lang='lat' dir='ltr'><strong>ejus-</strong></span> 
     </span>
     <span class='ocr_line' id='line_1_23' title="bbox 48 1453 1169 1500; baseline -0.002 -12"><span class='ocrx_word' id='word_1_179' title='bbox 48 1455 174 1498; x_wconf 66' lang='lat' dir='ltr'><strong>demfi)</strong></span> <span class='ocrx_word' id='word_1_180' title='bbox 199 1453 336 1498; x_wconf 73' lang='lat' dir='ltr'><strong>capituli</strong></span> <span class='ocrx_word' id='word_1_181' title='bbox 359 1455 486 1486; x_wconf 85' lang='lat' dir='ltr'><strong>facere:</strong></span> <span class='ocrx_word' id='word_1_182' title='bbox 511 1463 543 1486; x_wconf 86' lang='lat' dir='ltr'><strong>et</strong></span> <span class='ocrx_word' id='word_1_183' title='bbox 567 1468 642 1486; x_wconf 90' lang='lat' dir='ltr'><strong>cum</strong></span> <span class='ocrx_word' id='word_1_184' title='bbox 667 1454 759 1487; x_wconf 87' lang='lat' dir='ltr'><strong>omni</strong></span> <span class='ocrx_word' id='word_1_185' title='bbox 776 1455 972 1495; x_wconf 80' lang='lat' dir='ltr'><strong>reverentia,</strong></span> <span class='ocrx_word' id='word_1_186' title='bbox 997 1455 1089 1500; x_wconf 78' lang='lat' dir='ltr'><strong>quasi</strong></span> <span class='ocrx_word' id='word_1_187' title='bbox 1112 1455 1169 1500; x_wconf 89' lang='lat' dir='ltr'><strong>qui</strong></span> 
     </span>
     <span class='ocr_line' id='line_1_24' title="bbox 47 1515 1170 1561; baseline -0.002 -10"><span class='ocrx_word' id='word_1_188' title='bbox 47 1518 129 1551; x_wconf 82' lang='lat' dir='ltr'><strong>sciat</strong></span> <span class='ocrx_word' id='word_1_189' title='bbox 152 1529 185 1549; x_wconf 91' lang='lat' dir='ltr'><strong>se</strong></span> <span class='ocrx_word' id='word_1_190' title='bbox 211 1517 252 1548; x_wconf 90' lang='lat' dir='ltr'><strong>de</strong></span> <span class='ocrx_word' id='word_1_191' title='bbox 275 1515 395 1547; x_wconf 83' lang='lat' dir='ltr'><strong>sanctis</strong></span> <span class='ocrx_word' id='word_1_192' title='bbox 419 1515 600 1560; x_wconf 87' lang='lat' dir='ltr'><strong>Scripturis</strong></span> <span class='ocrx_word' id='word_1_193' title='bbox 621 1517 743 1557; x_wconf 86' lang='lat' dir='ltr'><strong>dicere,</strong></span> <span class='ocrx_word' id='word_1_194' title='bbox 768 1530 843 1549; x_wconf 89' lang='lat' dir='ltr'><strong>cum</strong></span> <span class='ocrx_word' id='word_1_195' title='bbox 860 1519 976 1557; x_wconf 76' lang='lat' dir='ltr'><strong>multa,</strong></span> <span class='ocrx_word' id='word_1_196' title='bbox 1000 1529 1083 1561; x_wconf 78' lang='lat' dir='ltr'><strong>quae</strong></span> <span class='ocrx_word' id='word_1_197' title='bbox 1106 1516 1170 1549; x_wconf 84' lang='lat' dir='ltr'><strong>sibi</strong></span> 
     </span>
     <span class='ocr_line' id='line_1_25' title="bbox 48 1576 1170 1622; baseline -0.002 -10"><span class='ocrx_word' id='word_1_198' title='bbox 48 1587 278 1617; x_wconf 87' lang='lat' dir='ltr'><strong>occurrerunt,</strong></span> <span class='ocrx_word' id='word_1_199' title='bbox 301 1576 502 1621; x_wconf 81' lang='lat' dir='ltr'><strong>exposuerit,</strong></span> <span class='ocrx_word' id='word_1_200' title='bbox 525 1577 689 1622; x_wconf 77' lang='lat' dir='ltr'><strong>praecipit</strong></span> <span class='ocrx_word' id='word_1_201' title='bbox 711 1578 772 1617; x_wconf 82' lang='lat' dir='ltr'><strong>his,</strong></span> <span class='ocrx_word' id='word_1_202' title='bbox 799 1578 856 1622; x_wconf 86' lang='lat' dir='ltr'><strong>qui</strong></span> <span class='ocrx_word' id='word_1_203' title='bbox 880 1578 1004 1620; x_wconf 84' lang='lat' dir='ltr'><strong>legunt,</strong></span> <span class='ocrx_word' id='word_1_204' title='bbox 1027 1579 1170 1622; x_wconf 77' lang='lat' dir='ltr'><strong>probare</strong></span> 
     </span>
    </p>
   </div>
   <div class='ocr_carea' id='block_1_3' title="bbox 51 1638 1169 1684">
    <p class='ocr_par' dir='ltr' id='par_1_3' title="bbox 51 1638 1169 1684">
     <span class='ocr_line' id='line_1_26' title="bbox 51 1638 1169 1684; baseline -0.002 -10"><span class='ocrx_word' id='word_1_205' title='bbox 51 1643 91 1674; x_wconf 86' lang='lat' dir='ltr'><strong>de</strong></span> <span class='ocrx_word' id='word_1_206' title='bbox 115 1639 262 1683; x_wconf 84' lang='lat' dir='ltr'><strong>singulis,</strong></span> <span class='ocrx_word' id='word_1_207' title='bbox 286 1651 370 1684; x_wconf 78' lang='lat' dir='ltr'><strong>quae</strong></span> <span class='ocrx_word' id='word_1_208' title='bbox 394 1638 531 1679; x_wconf 87' lang='lat' dir='ltr'><strong>dixerit,</strong></span> <span class='ocrx_word' id='word_1_209' title='bbox 566 1648 601 1678; x_wconf 58' lang='lat' dir='ltr'><strong>et</strong></span> <span class='ocrx_word' id='word_1_210' title='bbox 629 1639 721 1683; x_wconf 90' lang='lat' dir='ltr'><strong>quod</strong></span> <span class='ocrx_word' id='word_1_211' title='bbox 745 1639 866 1672; x_wconf 85' lang='lat' dir='ltr'><strong>rectius</strong></span> <span class='ocrx_word' id='word_1_212' title='bbox 890 1640 1037 1684; x_wconf 88' lang='lat' dir='ltr'><strong>prudens</strong></span> <span class='ocrx_word' id='word_1_213' title='bbox 1061 1640 1169 1672; x_wconf 75' lang='lat' dir='ltr'><strong>lector</strong></span> 
     </span>
    </p>
   </div>
   <div class='ocr_carea' id='block_1_4' title="bbox 50 1733 236 1740">
    <p class='ocr_par' dir='ltr' id='par_1_4' title="bbox 50 1733 236 1740">
     <span class='ocr_line' id='line_1_27' title="bbox 50 1733 236 1740; baseline 0 732"><span class='ocrx_word' id='word_1_214' title='bbox 50 1733 236 1740; x_wconf 95' lang='lat' dir='ltr'><strong> </strong></span> 
     </span>
    </p>
   </div>
   <div class='ocr_carea' id='block_1_5' title="bbox 53 1789 1169 1882">
    <p class='ocr_par' dir='ltr' id='par_1_5' title="bbox 53 1789 1169 1882">
     <span class='ocr_line' id='line_1_28' title="bbox 145 1789 1169 1836; baseline -0.001 -13"><span class='ocrx_word' id='word_1_215' title='bbox 145 1792 176 1836; x_wconf 92' lang='lat'><strong>¹)</strong></span> <span class='ocrx_word' id='word_1_216' title='bbox 201 1791 251 1823; x_wconf 83' lang='lat' dir='ltr'><strong>Ita</strong></span> <span class='ocrx_word' id='word_1_217' title='bbox 283 1803 398 1822; x_wconf 89' lang='lat' dir='ltr'><strong>omnes</strong></span> <span class='ocrx_word' id='word_1_218' title='bbox 430 1790 507 1823; x_wconf 85' lang='lat' dir='ltr'><strong>Mss.</strong></span> <span class='ocrx_word' id='word_1_219' title='bbox 554 1789 648 1822; x_wconf 88' lang='lat' dir='ltr'><strong>Editi</strong></span> <span class='ocrx_word' id='word_1_220' title='bbox 679 1802 759 1822; x_wconf 90' lang='lat' dir='ltr'><strong>vero</strong></span> <span class='ocrx_word' id='word_1_221' title='bbox 792 1790 840 1834; x_wconf 87' lang='lat' dir='ltr'><strong>(v.</strong></span> <span class='ocrx_word' id='word_1_222' title='bbox 871 1803 898 1822; x_wconf 92' lang='lat' dir='ltr'><strong>c.</strong></span> <span class='ocrx_word' id='word_1_223' title='bbox 923 1790 999 1824; x_wconf 84' lang='lat' dir='ltr'><strong>edd.</strong></span> <span class='ocrx_word' id='word_1_224' title='bbox 1024 1789 1089 1833; x_wconf 84' lang='lat' dir='ltr'><strong>M.)</strong></span> <span class='ocrx_word' id='word_1_225' title='bbox 1120 1791 1169 1822; x_wconf 89' lang='lat' dir='ltr'><strong>in-</strong></span> 
     </span>
     <span class='ocr_line' id='line_1_29' title="bbox 53 1835 1166 1882; baseline -0.003 -13"><span class='ocrx_word' id='word_1_226' title='bbox 53 1846 146 1882; x_wconf 69' lang='lat' dir='ltr'><strong>epte:</strong></span> <span class='ocrx_word' id='word_1_227' title='bbox 170 1837 209 1869; x_wconf 76' lang='lat' dir='ltr'><strong>cle</strong></span> <span class='ocrx_word' id='word_1_228' title='bbox 232 1837 345 1869; x_wconf 72' lang='lat' dir='ltr'><strong>multis</strong></span> <span class='ocrx_word' id='word_1_229' title='bbox 365 1836 559 1869; x_wconf 74' lang='lat' dir='ltr'><strong>haeresibus</strong></span> <span class='ocrx_word' id='word_1_230' title='bbox 569 1837 792 1880; x_wconf 76' lang='lat' dir='ltr'><strong>profitentem,</strong></span> <span class='ocrx_word' id='word_1_231' title='bbox 817 1835 858 1868; x_wconf 80' lang='lat' dir='ltr'><strong>al.</strong></span> <span class='ocrx_word' id='word_1_232' title='bbox 871 1837 1109 1879; x_wconf 69' lang='lat' dir='ltr'><strong>proficientem.</strong></span> <span class='ocrx_word' id='word_1_233' title='bbox 1128 1836 1166 1868; x_wconf 84' lang='lat' dir='ltr'><strong>R.</strong></span> 
     </span>
    </p>
   </div>
   <div class='ocr_carea' id='block_1_6' title="bbox 52 1891 1167 1981">
    <p class='ocr_par' dir='ltr' id='par_1_6' title="bbox 52 1891 1167 1981">
     <span class='ocr_line' id='line_1_30' title="bbox 144 1891 1167 1935; baseline 0.001 -12"><span class='ocrx_word' id='word_1_234' title='bbox 144 1892 177 1935; x_wconf 83' lang='lat'><strong>²)</strong></span> <span class='ocrx_word' id='word_1_235' title='bbox 201 1891 288 1924; x_wconf 83' lang='lat' dir='ltr'><strong>Edd.</strong></span> <span class='ocrx_word' id='word_1_236' title='bbox 329 1891 375 1924; x_wconf 89' lang='lat' dir='ltr'><strong>M.</strong></span> <span class='ocrx_word' id='word_1_237' title='bbox 408 1898 439 1924; x_wconf 77' lang='lat' dir='ltr'><strong>et</strong></span> <span class='ocrx_word' id='word_1_238' title='bbox 469 1893 644 1924; x_wconf 75' lang='lat' dir='ltr'><strong>veritatem</strong></span> <span class='ocrx_word' id='word_1_239' title='bbox 675 1904 742 1925; x_wconf 81' lang='lat' dir='ltr'><strong>non</strong></span> <span class='ocrx_word' id='word_1_240' title='bbox 771 1892 938 1925; x_wconf 70' lang='lat' dir='ltr'><strong>erubescit</strong></span> <span class='ocrx_word' id='word_1_241' title='bbox 967 1893 1075 1934; x_wconf 75' lang='lat' dir='ltr'><strong>fateri</strong></span> <span class='ocrx_word' id='word_1_242' title='bbox 1102 1892 1167 1925; x_wconf 61' lang='lat' dir='ltr'><strong>siba</strong></span> 
     </span>
     <span class='ocr_line' id='line_1_31' title="bbox 52 1938 280 1981; baseline -0.013 -9"><span class='ocrx_word' id='word_1_243' title='bbox 52 1951 117 1972; x_wconf 78' lang='lat' dir='ltr'><strong>non</strong></span> <span class='ocrx_word' id='word_1_244' title='bbox 140 1938 280 1981; x_wconf 77' lang='lat' dir='ltr'><strong>liquere.</strong></span> 
     </span>
    </p>
   </div>
   <div class='ocr_carea' id='block_1_7' title="bbox 53 1992 1167 2185">
    <p class='ocr_par' dir='ltr' id='par_1_7' title="bbox 53 1992 1167 2185">
     <span class='ocr_line' id='line_1_32' title="bbox 141 1992 623 2037; baseline 0.004 -13"><span class='ocrx_word' id='word_1_245' title='bbox 141 1993 178 2037; x_wconf 62' lang='lat'><strong>3)</strong></span> <span class='ocrx_word' id='word_1_246' title='bbox 201 1993 305 2024; x_wconf 86' lang='lat' dir='ltr'><strong>Deest</strong></span> <span class='ocrx_word' id='word_1_247' title='bbox 326 1993 395 2037; x_wconf 71' lang='lat' dir='ltr'><strong>ipsi,</strong></span> <span class='ocrx_word' id='word_1_248' title='bbox 417 1992 449 2024; x_wconf 87' lang='lat' dir='ltr'><strong>in</strong></span> <span class='ocrx_word' id='word_1_249' title='bbox 476 1993 550 2025; x_wconf 78' lang='lat' dir='ltr'><strong>edd.</strong></span> <span class='ocrx_word' id='word_1_250' title='bbox 577 1994 623 2026; x_wconf 85' lang='lat' dir='ltr'><strong>M.</strong></span> 
     </span>
     <span class='ocr_line' id='line_1_33' title="bbox 144 2048 680 2093; baseline 0.007 -14"><span class='ocrx_word' id='word_1_251' title='bbox 144 2049 178 2093; x_wconf 74' lang='lat'><strong>⁴)</strong></span> <span class='ocrx_word' id='word_1_252' title='bbox 204 2048 291 2080; x_wconf 72' lang='lat' dir='ltr'><strong>(jod.</strong></span> <span class='ocrx_word' id='word_1_253' title='bbox 317 2048 394 2089; x_wconf 55' lang='grc' dir='ltr'>[ἧι-ς.</span> <span class='ocrx_word' id='word_1_254' title='bbox 418 2050 614 2092; x_wconf 63' lang='lat' dir='ltr'><strong>dignantur.</strong></span> <span class='ocrx_word' id='word_1_255' title='bbox 642 2050 680 2082; x_wconf 80' lang='lat' dir='ltr'><strong>R.</strong></span> 
     </span>
     <span class='ocr_line' id='line_1_34' title="bbox 94 2103 1167 2183; baseline -0.002 -46"><span class='ocrx_word' id='word_1_256' title='bbox 94 2134 98 2137; x_wconf 23' lang='grc' dir='ltr'><strong><em>Δ</em></strong></span> <span class='ocrx_word' id='word_1_257' title='bbox 148 2106 187 2183; x_wconf 52' lang='grc' dir='ltr'><strong>ὅιζ</strong></span> <span class='ocrx_word' id='word_1_258' title='bbox 206 2105 284 2136; x_wconf 80' lang='lat' dir='ltr'><strong>Mss.</strong></span> <span class='ocrx_word' id='word_1_259' title='bbox 324 2103 496 2148; x_wconf 79' lang='lat' dir='ltr'><strong>plerique,</strong></span> <span class='ocrx_word' id='word_1_260' title='bbox 534 2115 566 2137; x_wconf 86' lang='lat' dir='ltr'><strong>et</strong></span> <span class='ocrx_word' id='word_1_261' title='bbox 605 2105 687 2137; x_wconf 74' lang='lat' dir='ltr'><strong>editi</strong></span> <span class='ocrx_word' id='word_1_262' title='bbox 717 2106 763 2148; x_wconf 91' lang='lat' dir='ltr'><strong>(v.</strong></span> <span class='ocrx_word' id='word_1_263' title='bbox 797 2119 823 2137; x_wconf 84' lang='lat' dir='ltr'><strong>c.</strong></span> <span class='ocrx_word' id='word_1_264' title='bbox 857 2105 930 2136; x_wconf 79' lang='lat' dir='ltr'><strong>cdd.</strong></span> <span class='ocrx_word' id='word_1_265' title='bbox 965 2105 1028 2147; x_wconf 83' lang='lat' dir='ltr'><strong>M.)</strong></span> <span class='ocrx_word' id='word_1_266' title='bbox 1063 2104 1167 2136; x_wconf 73' lang='lat' dir='ltr'><strong>maie:</strong></span> 
     </span>
     <span class='ocr_line' id='line_1_35' title="bbox 53 2164 198 2185; baseline -0.021 0"><span class='ocrx_word' id='word_1_267' title='bbox 53 2164 132 2185; x_wconf 79' lang='lat' dir='ltr'><strong>esse.</strong></span> <span class='ocrx_word' id='word_1_268' title='bbox 191 2175 198 2182; x_wconf 91' lang='lat'><strong>.</strong></span> 
     </span>
    </p>
   </div>
   <div class='ocr_carea' id='block_1_8' title="bbox 60 2205 1169 2297">
    <p class='ocr_par' dir='ltr' id='par_1_8' title="bbox 60 2205 1169 2297">
     <span class='ocr_line' id='line_1_36' title="bbox 149 2205 1169 2250; baseline 0.002 -14"><span class='ocrx_word' id='word_1_269' title='bbox 149 2207 183 2250; x_wconf 77' lang='lat'><strong>⁶)</strong></span> <span class='ocrx_word' id='word_1_270' title='bbox 205 2207 256 2239; x_wconf 78' lang='lat' dir='ltr'><strong>Ita</strong></span> <span class='ocrx_word' id='word_1_271' title='bbox 283 2217 397 2236; x_wconf 87' lang='lat' dir='ltr'><strong>omnes</strong></span> <span class='ocrx_word' id='word_1_272' title='bbox 421 2205 498 2237; x_wconf 83' lang='lat' dir='ltr'><strong>Mss.</strong></span> <span class='ocrx_word' id='word_1_273' title='bbox 546 2205 637 2238; x_wconf 66' lang='lat' dir='ltr'><strong>Edit}</strong></span> <span class='ocrx_word' id='word_1_274' title='bbox 670 2220 748 2239; x_wconf 82' lang='lat' dir='ltr'><strong>vero</strong></span> <span class='ocrx_word' id='word_1_275' title='bbox 781 2207 824 2249; x_wconf 87' lang='lat' dir='ltr'><strong>(e.</strong></span> <span class='ocrx_word' id='word_1_276' title='bbox 852 2220 879 2239; x_wconf 87' lang='lat' dir='ltr'><strong>c.</strong></span> <span class='ocrx_word' id='word_1_277' title='bbox 905 2206 979 2239; x_wconf 84' lang='lat' dir='ltr'><strong>cdd.</strong></span> <span class='ocrx_word' id='word_1_278' title='bbox 1007 2205 1069 2248; x_wconf 84' lang='grc' dir='ltr'><strong>Μ.)</strong></span> <span class='ocrx_word' id='word_1_279' title='bbox 1095 2219 1169 2249; x_wconf 83' lang='lat' dir='ltr'><strong>per-</strong></span> 
     </span>
     <span class='ocr_line' id='line_1_37' title="bbox 60 2251 590 2297; baseline -0.006 -11"><span class='ocrx_word' id='word_1_280' title='bbox 60 2266 188 2297; x_wconf 77' lang='lat' dir='ltr'><strong>peram:</strong></span> <span class='ocrx_word' id='word_1_281' title='bbox 214 2252 334 2284; x_wconf 74' lang='lat' dir='ltr'><strong>eisdem</strong></span> <span class='ocrx_word' id='word_1_282' title='bbox 358 2251 528 2293; x_wconf 75' lang='lat' dir='ltr'><strong>capitulis.</strong></span> <span class='ocrx_word' id='word_1_283' title='bbox 554 2251 590 2283; x_wconf 80' lang='lat' dir='ltr'><strong>R.</strong></span> 
     </span>
    </p>
   </div>
  </div>
 </body>
</html>
