1422 2472
361 95 673 130 Ontssssmmonum
698 97 810 130 Lunna
823 98 883 130 ΙΙΙ.
1110 100 1176 135 209

48 182 210 218 asteriscis
235 193 268 217 et
294 185 400 218 obelis
426 185 609 218 editionem
640 185 767 228 legant,
798 187 972 229 ignoscant
995 188 1102 222 invidi
1128 190 1174 223 la-

48 245 123 278 bori
144 258 232 286 meo,
246 246 303 292 qui
323 247 416 280 volui
435 248 556 280 habere
570 257 714 288 nostros,
730 250 821 294 quod
836 250 956 282 Graeci
975 249 1008 282 in
1019 251 1173 296 Aquilae,

48 315 82 339 et
105 308 372 348 Theodotionis,
404 322 441 342 ac
466 309 657 356 Symmachi
683 309 888 344 editionibus
913 311 1109 345 lectitant:«
1139 323 1172 346 et

49 368 82 401 in
108 370 241 414 epistol.
265 370 318 405 89.
344 372 384 403 ad
412 371 654 413 Augustinum‚
680 385 752 417 cap.
777 371 808 406 6.
848 372 925 405 »Vis
949 383 1078 406 amator
1102 388 1172 407 esse

50 443 146 464 verus
171 432 378 476 septuaginta
401 432 646 478 interpretum?
692 434 769 467 Non
794 434 882 476 legas
914 448 968 475 ea,
1000 449 1084 480 quae
1110 437 1171 469 sub

48 492 209 526 asteriscis
233 503 325 534 sunt,
358 494 427 527 imo
453 496 532 527 rade
558 496 599 527 de
625 495 870 536 voluminibus,
893 506 930 529 ut
954 498 1116 530 Veterum
1139 507 1173 531 te

49 554 215 587 fautorem
245 557 379 600 probes.
429 556 532 600 Quod
568 556 594 589 si
627 557 763 596 feceris,
802 570 917 590 omnes
956 559 1172 592 ecclesiarum

47 615 277 649 Bibliothecas
310 618 466 650 damnare
499 618 644 660 cogeris;
680 618 734 650 vix
766 618 853 651 enim
887 633 971 652 unus
1002 629 1059 652 aut
1089 621 1175 653 alter

47 676 217 710 invenitur
240 678 341 718 liber,
375 679 432 723 qui
462 679 522 712 ista
555 692 622 711 non
647 679 801 712 habeat«
853 680 991 725 Quippe
1016 682 1068 714 vix
1100 682 1173 714 ulla

48 738 196 783 reperire
222 749 291 772 erat
315 740 514 786 Hieronymi
538 750 643 773 aetate
669 741 886 786 exemplaria,
919 755 1002 787 quae
1027 755 1094 774 non
1121 743 1172 774 vel

48 801 88 833 ab
114 801 270 843 Origene,
295 802 348 834 vel
373 815 390 834 a
412 802 573 842 Luciano,
599 802 651 835 vel
675 804 715 835 ab
742 804 910 850 Hesycliio
935 804 1074 836 fuissent
1098 818 1173 837 cor-

47 871 148 895 recta.
197 863 282 896 Cum
312 863 424 909 itaque
450 865 580 906 vulgata
605 864 716 897 omnia
749 864 951 910 exemplaria
974 866 1173 898 insedissent

47 924 193 958 asterisci
217 934 250 958 et
275 925 376 965 obeli,
400 938 462 958 nec
486 925 556 958 ulla
580 925 650 958 fere
675 936 783 959 essent
807 927 841 959 in
866 941 938 966 usu,
963 940 1062 971 quam
1088 940 1172 972 quae

46 995 113 1019 tres
138 986 189 1019 illi
213 987 424 1028 castigatores
449 989 724 1028 emendaverant,
754 988 906 1033 sequitur
929 988 973 1021 ita
998 989 1173 1022 distinctos

48 1047 148 1080 fuisse
173 1048 326 1092 ipsorum
352 1047 505 1081 Codices.
555 1048 657 1092 Cujus
689 1048 986 1083 discriminationis
1011 1064 1174 1095 quosnam

47 1110 208 1150 assignare
233 1122 294 1154 par
316 1118 365 1141 est
388 1118 556 1148 auctores,
588 1118 821 1155 praeterquam
845 1111 1028 1144 Lucianum
1052 1112 1175 1156 ipsum,

49 1179 81 1203 et
105 1170 321 1216 Hesychium,
346 1170 438 1214 quod
461 1171 502 1202 ab
527 1170 674 1211 Origene
698 1171 845 1215 primum
870 1173 978 1205 fuerat
1002 1173 1176 1206 inventum

49 1231 216 1265 imitantes
240 1232 458 1276 postmodum
485 1241 518 1264 et
542 1232 754 1267 excolentes?
790 1233 882 1277 Quin
901 1243 934 1266 et
950 1235 992 1266 ad
1010 1234 1175 1268 editiones

50 1306 186 1338 quoque
218 1293 335 1326 latinas
366 1293 520 1338 pervenit
552 1293 719 1340 ejusmodi
743 1298 868 1335 στίξις·
904 1308 981 1328 nam
1006 1296 1174 1344 Hierony-

49 1367 122 1387 mus
156 1354 190 1386 in
224 1354 320 1399 epist.
343 1355 395 1390 39.
428 1355 470 1388 ad
503 1355 743 1397 Augusdnum,
781 1370 852 1401 cap.
877 1356 907 1390 6.
939 1358 1061 1390 latinae
1096 1371 1173 1391 suae

48 1418 120 1450 τῶν
157 1414 406 1460 ἑβδομήκοντα
447 1416 718 1461 interpretationi
755 1417 929 1450 asteriscos
968 1432 1102 1464 quoque
1143 1429 1176 1452 et

49 1477 168 1510 obelos
192 1491 263 1511 sese
288 1478 454 1511 addidisse
479 1488 629 1512 testatur.
832 1472 835 1475 .

138 1539 187 1572 Ex
217 1540 267 1572 his
297 1553 402 1584 porro
435 1539 572 1572 Graecis
605 1539 828 1580 editionibus,
865 1541 918 1573 vel
959 1554 1012 1581 ea,
1053 1555 1174 1587 nempe

50 1613 134 1646 quae
159 1610 229 1634 erat
252 1601 285 1634 in
309 1601 486 1646 Hexaplis,
510 1601 578 1634 sive
604 1601 810 1641 Eusebiana,
835 1602 887 1633 vel
912 1602 1096 1644 Lucianea,
1121 1605 1174 1637 vel

50 1662 276 1710 Hesychiana,
307 1663 489 1695 hodiernae
513 1671 646 1694 nostrae
671 1675 788 1694 omnes
814 1662 969 1695 videntur
992 1665 1175 1709 prodiisse:

49 1724 112 1756 hac
135 1725 235 1764 enim,
259 1734 296 1757 ut
320 1724 366 1757 ait
382 1724 618 1769 Hieronymus,
644 1723 770 1756 trifaria
788 1725 944 1757 varietate
968 1735 1060 1759 totus
1085 1727 1175 1760 orbis

53 1786 314 1830 compugnabat;
339 1785 482 1828 Vulgata
510 1798 588 1818 vero
614 1785 767 1818 omnium
790 1786 1053 1831 inquinatissima
1069 1801 1176 1833 paene

53 1847 273 1880 obsoleverat.
315 1847 400 1880 Cum
425 1856 536 1880 autem
561 1847 594 1879 in
620 1857 748 1880 veteres
772 1847 845 1880 illas
868 1861 1021 1890 magnam
1046 1860 1177 1883 constet

52 1907 215 1940 invectam
231 1921 300 1941 esse
325 1909 556 1941 confusionem
584 1921 621 1941 ex
645 1909 861 1941 librariorum
886 1909 1070 1951 oscitantia,
1096 1913 1176 1945 dum

54 1969 107 2001 vel
133 1970 311 2002 obelorum
339 1980 372 2002 et
395 1971 631 2004 asteriscorum
655 1971 865 2003 notationem
898 1972 1087 2014 negligunt,
1123 1975 1175 2006 vel

55 2043 112 2063 eos
136 2030 202 2062 suis
226 2044 294 2063 non
317 2032 510 2065 adscribunt
535 2033 629 2072 locis,
654 2033 764 2074 negari
788 2046 856 2065 non
882 2043 1005 2077 potest,
1029 2034 1176 2078 impuras

55 2104 124 2124 esse
149 2091 351 2125 recentiores
376 2094 540 2126 editiones
573 2096 643 2128 τῶν
673 2092 943 2138 ἑβδομήκοντα,
977 2105 1010 2128 et
1039 2096 1178 2136 vitiatas,

54 2149 174 2197 utpote
207 2165 289 2197 quae
323 2166 360 2186 ex
390 2155 535 2199 antiquis
568 2155 635 2187 illis
668 2155 879 2200 prodierunt.
934 2157 1019 2189 Nam
1051 2157 1180 2190 etiamsi

55 2214 229 2259 profectae
261 2224 368 2248 essent
399 2217 439 2248 ab
473 2217 651 2261 Hexaplis,
686 2216 720 2249 in
757 2217 877 2262 quibus
914 2217 1030 2250 scribit
1060 2217 1181 2251 Hiero-

103 2276 280 2309 Omenms
306 2276 440 2311 Oreas.
467 2278 562 2311 Tom.
588 2278 711 2312 XXIV.
940 2279 982 2313 14
