1422 2472
375 116 692 150 Omoemmonum
717 116 831 149 Lmen
858 116 901 148 11.
1156 119 1197 155 51

58 215 143 238 tasse
168 205 364 251 Theophili,
391 216 553 250 quantum
577 206 699 253 synodi
732 204 925 238 auctoritati
950 204 1197 254 Hieronymum

59 276 92 300 ct
116 266 346 312 Epiphanium
371 267 540 301 tribuisse.

147 328 222 362 VlI.
270 329 380 361 Porro
405 342 474 361 non
499 328 697 375 synodicam
729 329 888 361 duntaxat
913 328 1098 373 Theophili
1123 331 1195 376 epi-

56 389 201 430 stolam,
237 390 348 422 datam
389 403 476 423 anno
511 390 638 424 Christi
663 390 757 430 399.,
793 391 853 423 sed
884 390 1061 424 paschales
1092 392 1193 425 etiam

56 461 212 495 quatuor,
237 452 330 484 annis
355 452 433 487 400.
459 451 536 485 401.
561 452 639 486 402.
665 451 742 486 403.
767 451 845 486 404.
881 451 1038 496 scriptas,
1069 452 1193 486 Hiero-

56 525 175 558 nymus
200 511 365 546 latinitate
395 513 545 553 donavit,
571 523 619 553 ut,
644 524 729 556 quae
757 511 796 544 iis
822 513 1058 546 continebatur
1074 514 1194 558 Orige-

56 575 106 607 nis
131 575 314 615 damnatio,
341 574 458 614 latius,
486 582 519 606 et
543 573 577 606 in
603 573 793 607 Occidente
818 573 1032 618 potissimum
1056 578 1194 619 pervul-

55 647 197 679 garetur.
248 637 480 669 Pei-venerunt
511 635 552 667 ad
584 635 669 668 hanc
704 643 848 667 aetatem
872 636 1081 680 posteriores
1114 648 1192 679 tres,

55 698 150 743 prior
173 712 248 732 cum
274 698 435 746 synodica
459 696 652 740 intercidi13
675 696 708 728 in
734 696 856 742 quibus
875 697 1056 742 depravata
1079 699 1191 745 aliqua

54 762 95 792 ab
119 761 330 807 Hieronymo
364 773 440 792 cum
472 758 576 803 ipsius
617 758 798 791 adversarii
829 757 1022 804 jactassent,
1061 774 1133 794 sese
1158 762 1191 795 in

55 822 201 867 epistola
226 822 279 857 78.
310 822 351 854 ad
377 820 632 854 pammachium
657 829 691 853 et
714 820 933 861 Marcellam,
964 835 1040 854 cum
1065 824 1107 856 ad
1132 837 1190 857 eos

52 884 260 929 posteriores
285 883 463 916 Paschales
488 882 648 923 mitteret,
674 881 867 915 luculenter
888 884 1053 928 purgavit.

143 946 237 979 Ylll.
284 946 361 978 Jam
392 958 474 977 vero
506 957 620 976 rerum
650 944 772 976 seriem
796 958 1048 990 persequamur.
1093 946 1189 980 Dixi-

52 1021 126 1040 mus
140 1006 466 1051 Constantinopolin
484 1006 661 1050 profectos
680 1018 749 1038 esse
764 1006 981 1049 Origenistas,
1006 1018 1188 1053 postquam

53 1071 175 1102 eodem
199 1069 327 1110 legatos
351 1081 369 1100 a
393 1067 590 1111 Theophilo
615 1067 735 1099 missos
761 1078 979 1112 acceperunt.
1026 1070 1127 1103 Falso
1153 1071 1188 1104 id

52 1145 68 1163 a
93 1130 266 1169 Palladio,
302 1138 336 1161 et
369 1129 563 1162 sozomeno
596 1128 779 1160 confictum
810 1129 918 1171 arguit
948 1130 1115 1164 Baronius
1146 1134 1186 1165 ad

52 1191 217 1228 ann.400.
246 1204 318 1235 cap.
336 1190 400 1230 GL,
426 1203 490 1223 nec
515 1202 708 1234 quenquam
732 1189 817 1222 illuc
839 1200 915 1223 ante
933 1192 1058 1234 legasse
1075 1193 1187 1226 Theo-

52 1254 183 1299 philum
209 1252 393 1291 contendit,
417 1264 518 1296 quam
551 1251 673 1284 codem
704 1250 825 1284 abiisse
851 1252 1057 1294 Origenistas
1087 1253 1186 1287 intel-

52 1315 143 1347 lexit.
187 1313 325 1346 Falsum
351 1326 488 1358 quoque
515 1326 584 1346 esse
610 1313 703 1353 vult,
739 1312 828 1346 inter
853 1313 1058 1356 Origenistas
1084 1316 1185 1349 fuisse

51 1376 236 1417 lsidorum3
261 1375 297 1407 id
322 1375 403 1408 licet
426 1384 562 1420 praeter
574 1376 805 1408 sozomenum
827 1375 985 1408 Socrates
1008 1387 1184 1410 asseveret.

48 1438 177 1471 Nititur
198 1437 367 1470 Batonius
391 1435 579 1480 Theophili
603 1436 645 1468 ad
670 1435 901 1480 Epiphaniurn
920 1436 1074 1481 epistola,
1099 1452 1184 1483 quae

49 1509 97 1532 est
119 1499 208 1532 inter
229 1497 512 1545 Hieronymianas
536 1497 590 1532 67.
628 1497 685 1531 Sic
699 1497 802 1530 habet
824 1498 901 1531 illa:
929 1499 1066 1532 »Didici
1082 1501 1183 1543 enim,

49 1561 142 1606 quod
167 1560 428 1593 calumniatores
453 1572 551 1591 verae
576 1559 669 1600 fidei,
693 1560 917 1601 Ammonius,
940 1560 1125 1603 Eusebius,
1151 1573 1184 1596 et

46 1622 258 1668 Euthymius‚
282 1634 374 1654 novo
399 1633 462 1665 pro
488 1620 617 1654 haeresi
642 1622 758 1654 furore
783 1622 993 1662 bacchantes,
1018 1623 1182 1658 Constan-

46 1685 218 1730 tinopolin
242 1683 445 1726 navigarint:
478 1692 517 1715 ut
542 1692 576 1715 et
600 1695 729 1722 DOVOS,
750 1682 779 1715 si
805 1697 889 1728 quos
914 1685 1098 1726 voluerint,
1117 1688 1183 1720 rde-

45 1747 181 1793 cipiant‚
205 1756 238 1779 et
261 1745 431 1778 veteribus
454 1758 532 1777 suae
558 1743 740 1789 impietatis
769 1746 870 1778 sociis
903 1746 1179 1792 conjungantur.«

44 1809 145 1843 Nulla
169 1808 223 1841 hic
247 1807 370 1840 Isidori
393 1806 543 1840 mentio:
570 1816 661 1839 certe
685 1819 796 1851 neque
813 1806 985 1848 Dioscori,
1009 1821 1072 1841 nec
1095 1810 1181 1842 alio-

45 1885 118 1904 rum
144 1870 393 1915 quinquaginta,
419 1881 503 1913 quos
529 1868 612 1901 illuc
644 1868 829 1912 perrexisse
862 1869 964 1902 tradit
996 1870 1178 1905 Palladius.

47 1932 149 1975 Quasi
180 1945 261 1964 vero
300 1931 439 1964 nomina
476 1930 688 1972 singulorum
727 1943 927 1974 percensere
967 1932 1178 1977 Theophilus

47 1993 236 2027 instituerit.
284 1993 387 2037 Ait¹)
426 1991 550 2024 deinde
589 1991 822 2036 Theophilust
866 1992 929 2025 »Et
959 2003 996 2026 ut
1037 1996 1178 2028 celerius

46 2064 158 2087 nostra
187 2053 512 2099 Constantinopolin
544 2053 668 2098 scripta
700 2053 918 2097 perveniant,
953 2055 1049 2088 mitte
1081 2056 1178 2089 indu-

44 2116 160 2148 strium
191 2115 321 2156 virum,
359 2124 392 2148 et
422 2115 569 2159 aliquem
602 2115 644 2147 de
670 2114 818 2156 clericis,
857 2115 944 2148 sicut
978 2126 1012 2150 et
1042 2131 1103 2150 nos
1135 2119 1176 2150 de

44 2176 124 2220 ipsis
155 2175 280 2209 Nitriae
313 2176 524 2210 monasteriis
553 2186 664 2221 patres
695 2177 959 2218 monachorum,
1002 2192 1079 2210 cnm
1104 2178 1175 2210 aliis

140 2294 169 2335 ¹)
195 2291 258 2324 Ed.
284 2293 406 2326 linaei:
434 2295 475 2326 At
501 2295 624 2328 deinde
651 2305 712 2328 etc.

856 2355 876 2389 4
895 2356 909 2372 ιι
