1422 2472
350 92 662 126 Ommzmmouum
688 92 798 124 Lmen
822 92 881 124 [Π.
1111 90 1176 126 227

266 284 515 324 CAPUT
570 284 954 334 QUARTUM.

45 369 146 413 QUO
181 369 379 410 ORDINE,
413 369 585 413 QUIBUS
611 369 916 403 TEMPORIBUS
950 369 1174 404 ORIGENIS

153 430 277 464 LIBRI
301 431 567 465 LUCUBRATI
593 431 718 472 SINT,
745 431 1073 465 EXPLORATUR.

45 527 70 558 I.
109 526 215 559 Variis
232 524 395 568 'Origenis
427 525 664 570 scriptionibus
695 538 772 558 suus
805 526 908 565 ordo,
940 538 998 558 sua
1022 535 1178 571 tempora

46 600 84 620 ex
131 587 279 620 Eusebio
322 586 536 628 assignantur.
598 587 641 619 ΙΙ.
689 586 768 630 Quo
809 596 964 631 tempore
1005 587 1177 633 Tetrapla‚

45 649 212 694 Hexapla,
239 658 271 681 et
289 648 433 692 Octapla
459 647 727 687 concinnaverit,
752 647 976 690 investigatur.
1025 649 1082 681 Ill.
1108 650 1178 682 No-

44 720 156 742 tantur
179 709 344 742 nonnulla
371 709 456 742 circa
482 709 637 741 ordinem
662 722 700 741 ac
724 718 858 754 tempus
884 709 1115 751 Exegetictsm‚
1139 723 1177 743 ac

45 772 298 818 Syntagmatum
323 771 427 816 ipsius
454 771 675 815 quorundam.
725 771 780 803 lV.
807 770 1069 812 Distinguuntur
1093 772 1178 818 ejus-

111 834 189 866 dem
212 832 385 865 Homiliae
411 832 675 877 extemporales,
701 840 732 864 et
757 831 791 864 in
817 832 889 864 otio
915 833 1116 867 elaboratae.

133 918 161 952 I.
199 917 235 951 Si
258 926 454 961 temporum
480 916 651 959 effugisset
676 915 832 962 injuriam
857 916 944 949 liber
961 917 1021 950 ille
1039 918 1178 951 Eusebii

44 981 86 1013 de
118 979 187 1012 vita
215 979 405 1023 Pamphili,
442 979 477 1011 in
514 991 614 1023 quem
648 978 812 1010 librorum
845 978 1000 1020 origenis
1032 979 1177 1012 indicem

44 1041 229 1080 inferscrat,
253 1049 448 1082 argumento
475 1040 563 1079 huic,
590 1041 682 1084 quod
707 1039 957 1084 persequimur,
981 1053 1099 1082 magna
1122 1041 1178 1073 lux

44 1103 235 1135 accederet:
262 1115 329 1146 quo
355 1101 514 1145 quoniam
541 1113 690 1133 caremus
715 1100 884 1140 subsidio,
909 1101 990 1145 quid
1017 1101 1048 1133 in
1074 1101 1177 1146 ipsius

47 1164 199 1198 Historia
223 1163 321 1195 nobis
348 1162 422 1207 opis
446 1162 547 1195 situm
573 1162 630 1201 sit,
655 1161 837 1194 videamus.
886 1161 984 1194 Hunc
1010 1163 1116 1202 enim,
1140 1173 1178 1196 ut

46 1227 78 1259 in
102 1225 260 1270 reliquis,
292 1237 375 1268 quae
409 1225 450 1256 ad
477 1224 658 1266 Origenem
690 1222 875 1267 pertinent,
913 1222 957 1255 ita
992 1223 1051 1256 hac
1077 1223 1178 1257 etiam

46 1288 79 1320 in
104 1297 197 1332 parte
223 1287 343 1319 ducem
368 1285 549 1329 praecipue
574 1284 810 1330 spectabimus,
835 1284 867 1316 in
894 1297 958 1329 qua
982 1285 1080 1317 nobis
1097 1299 1178 1330 pro-

44 1348 219 1394 posuimus
252 1347 535 1389 investigandum,
574 1360 641 1392 quo
678 1346 796 1378 ordine
831 1346 951 1388 singuli
986 1347 1178 1380 Adamantii

49 1411 146 1450 libri,
172 1422 317 1454 quorum
343 1408 507 1441 memoria
531 1418 698 1453 superest,
724 1408 845 1452 quibus
870 1409 1081 1452 temporibus
1106 1410 1179 1441 fue-

44 1473 112 1505 rint
134 1471 313 1504 lucubrati.
363 1470 459 1514 Quae
492 1468 587 1513 prior
617 1482 696 1512 ergo
729 1471 770 1501 ab
802 1482 842 1501 eo
876 1470 1066 1502 celebratur
1090 1472 1180 1504 Ada-

45 1533 163 1566 mantii
201 1532 360 1578 scriptio,
395 1530 419 1563 ii
452 1540 529 1563 sunt
562 1530 805 1563 Commentarii
840 1531 873 1563 in
906 1540 1035 1564 veteres
1067 1532 1178 1576 pbilo-

47 1595 191 1640 sophos,
227 1594 286 1638 qui
323 1592 543 1625 diuturnitate
579 1592 743 1637 temporis
775 1606 891 1625 omnes
921 1592 1177 1626 interciderunt.

45 1656 223 1690 Proximae
255 1663 565 1689 commemorantur
588 1654 782 1698 Scripturae
813 1663 944 1686 sanctae
975 1654 1178 1699 interpreta—

47 1719 170 1758 tiones,
196 1730 336 1762 quarum
362 1729 430 1748 non
458 1716 703 1748 contemnenda
730 1728 803 1759 pars
828 1716 868 1747 ad
888 1715 971 1748 hanc
996 1717 1086 1749 diem
1110 1730 1178 1750 ser-

48 1789 120 1812 vata
146 1789 204 1813 est.
243 1780 344 1813 Sacra
370 1777 542 1810 volumina
566 1790 633 1809 non
662 1777 759 1818 longe
784 1786 862 1821 post
886 1777 980 1810 initia
998 1778 1179 1812 Alexandri

49 1840 296 1873 commentariis
322 1839 489 1884 explicare
508 1853 584 1872 eum
611 1838 761 1883 coepisse
780 1839 926 1883 reperiO,
965 1840 1013 1872 Ac
1029 1840 1178 1884 primum

49 1915 67 1934 a
97 1902 235 1934 Joannis
261 1900 445 1943 Evangelio
481 1901 669 1945 auspicatus
703 1910 768 1941 est,
802 1900 834 1932 in
870 1913 1013 1945 cumque
1046 1902 1178 1947 priores

50 1962 195 2007 quinque
219 1963 349 1995 Tomos
373 1963 594 1995 Alexandriae
626 1962 836 2007 composuit;
867 1975 928 1994 nec
959 1975 1026 1995 non
1051 1963 1084 1996 in
1111 1964 1174 1996 Ge-

51 2023 143 2056 nesin
175 2024 304 2068 priores
345 2033 423 2056 octo
457 2037 474 2056 e
506 2024 745 2069 duodecim.¹)
802 2024 892 2068 Quin
929 2023 1029 2056 etiam
1065 2025 1181 2066 viginti

149 2159 180 2201 ¹)
204 2158 291 2193 Edd.
310 2157 352 2190 H.
380 2167 411 2190 et
437 2159 474 2190 R.
500 2158 533 2191 in
560 2168 669 2191 textu:
698 2158 928 2197 ›1duodecim,«
958 2159 1008 2191 ed.
1035 2171 1113 2190 vero
1139 2159 1178 2192 R.

53 2223 153 2253 recte,
179 2223 214 2246 ut
240 2214 311 2258 jure
338 2213 478 2253 videtur,
504 2216 544 2247 ad
570 2214 771 2256 marginem:
800 2215 896 2256 »Leg.
914 2213 1119 2248 tredecim.«
1139 2234 1178 2238 —

54 2270 123 2303 Cfr.
150 2269 384 2310 Origcnianor.
411 2270 484 2303 libr.
504 2272 564 2303 ΙΙΙ.
591 2284 663 2315 cap.
685 2272 727 2303 ll.
754 2279 831 2302 sect,
858 2279 933 2303 tert.
956 2283 1046 2302 num.
1074 2271 1096 2303 Ι.

847 2331 917 2364 15*
