1413 2482
347 452 1212 523 ORIGENIANORUM

499 590 701 640 LIBER
746 589 1051 640 TERTHJS.

421 811 761 862 ORIGENIS
809 812 1134 862 SCRIPTA.

583 912 679 945 Libri
703 912 795 945 tertii
818 912 968 957 partitio,

202 996 366 1052 Librum
392 1015 492 1048 istum
518 1013 638 1047 itidem
663 1024 700 1047 ut
723 1014 855 1059 priores
881 1015 966 1048 duos
997 1014 1031 1048 in
1056 1014 1176 1060 Capita
1200 1023 1345 1060 quatuor

204 1078 435 1125 dispescimus.
485 1076 639 1109 Primum
665 1077 706 1109 de
734 1075 879 1121 Scriptis
904 1076 1062 1119 Origenis
1092 1077 1127 1110 in
1150 1077 1345 1111 universum

203 1142 362 1188 disputat.
412 1139 529 1184 Quae,
561 1138 722 1185 quoniam
753 1138 808 1171 vel
842 1139 884 1171 ad
915 1139 1112 1185 Scripturae
1141 1139 1346 1186 interpreta-

202 1205 333 1239 tionem
357 1202 539 1249 pertinent,
565 1201 620 1234 vel
643 1210 720 1234 sunt
744 1200 925 1246 peculiaris
949 1201 1111 1243 instituti,
1135 1202 1171 1236 in
1196 1203 1264 1236 duo
1289 1216 1345 1246 ge-

201 1280 282 1301 nera
307 1264 558 1304 distribuimus,
582 1263 778 1307 Exegetica‚
815 1274 848 1297 et
873 1264 1099 1310 syntagmata.
1147 1264 1343 1299 Secundum

202 1330 315 1375 itaque
351 1329 463 1373 Caput
499 1327 566 1369 agit
605 1327 647 1360 de
685 1325 840 1368 origenis
876 1325 1082 1368 Exegeticis‚
1124 1327 1232 1372 iisque
1272 1328 1344 1375 ejus

203 1390 394 1436 Operibus,
425 1388 545 1434 quibus
579 1387 684 1421 varias
715 1388 910 1432 Scripturae
939 1387 1236 1434 interpretationes
1267 1400 1345 1425 ante

200 1452 306 1498 ipsius
330 1460 474 1484 aetatem
500 1451 606 1484 editas
638 1450 835 1495 complexus
860 1459 927 1490 est,
959 1460 993 1484 et
1023 1451 1261 1496 ἑρμηνευτικά
1284 1465 1343 1499 ap.

201 1514 323 1562 pellari
337 1523 475 1559 queunt.
507 1507 662 1545 Tertium
681 1521 830 1545 versatur
847 1513 934 1545 circa
952 1512 1103 1559 ejusdem
1117 1514 1343 1561 Syntagmata.

200 1578 241 1610 In
267 1576 411 1620 Quarto,
438 1589 505 1620 quo
533 1574 671 1615 ordine,
697 1575 819 1623 quihus
844 1575 1056 1620 temporibus
1081 1576 1250 1610 lucubrati
1274 1577 1341 1611 sint

201 1639 280 1672 libri
305 1637 478 1680 Origenis,
513 1638 709 1683 exquiritur.
758 1638 944 1684 Subjicitur
968 1639 1148 1684 Appendix
1179 1640 1221 1673 de
1247 1640 1341 1674 libris

204 1702 345 1744 Origeni
368 1701 454 1734 falso
479 1700 670 1745 adscriptis,

521 1892 727 1934 CAPUT
769 1896 1026 1936 PRIMUM.

247 1970 548 2004 DISPUTATUR
587 1971 633 2004 IN
672 1972 947 2006 UMVERSUM
983 1973 1046 2005 DE
1086 1972 1293 2008 SCR1PTls

654 2033 887 2068 ORIGENIS.

200 2114 226 2147 1.
252 2112 357 2146 Stilus
375 2111 528 2154 Origenis
555 2114 745 2146 redundans
771 2123 802 2146 et
829 2113 983 2147 incultus.
1034 2114 1076 2147 II.
1102 2114 1183 2149 Plus
1207 2104 1338 2161 se‘ptem

202 2176 233 2210 ei
266 2174 404 2209 dictanti
441 2175 577 2208 aderant
613 2175 754 2208 notarii:
792 2176 936 2210 totidem
972 2176 1101 2210 librarii
1138 2187 1170 2211 et
1201 2179 1336 2224 puellae

203 2252 306 2284 opera
334 2236 402 2283 ejus
436 2237 575 2271 nitidius
601 2239 785 2271 exarabant.
836 2239 895 2273 ΙΙΙ.
931 2239 1134 2286 Quicunque
1158 2250 1336 2286 supersunt

203 2301 357 2348 Origenis
384 2300 479 2345 libri,
512 2300 618 2336 vitiati
645 2311 678 2337 ct
709 2302 861 2350 corrupti
885 2312 972 2339 suut.
1023 2303 1075 2338 iv.
1109 2304 1175 2340 Sua
1201 2304 1336 2353 quibus-
