1413 2482
183 105 248 141 146
516 105 628 139 Persi
653 106 827 139 Dsmems
851 105 986 140 Hunni

187 197 241 229 vel
268 209 305 229 ex
332 197 402 241 ipsa
427 195 494 228 stili
520 195 743 229 similitudine
768 195 880 228 statim
898 195 1138 240 deprehendas.
1180 194 1327 229 Fallitur

188 271 266 300 ergo
303 258 416 291 Sixtus
453 257 612 291 Senensis
644 257 856 304 Hieronymo
890 257 1207 302 interpretationem
1243 257 1328 291 hanc

184 320 346 354 tribuens.

277 383 339 417 ΙΙΙ.
382 383 436 416 Ad
470 382 788 429 interpretationem
812 382 1044 417 Homiliarum
1070 381 1227 425 Origenis
1256 396 1327 416 sex-

189 445 301 480 decim
325 445 360 478 in
384 445 573 479 Leviticum
598 446 724 480 Rufino
756 445 876 479 itidem
911 444 1188 492 adjudicandam,
1220 455 1256 479 et
1277 459 1328 480 ar-

187 509 358 550 guendum
383 508 537 551 Sixtuin,
571 509 630 555 qui
663 523 735 543 eam
760 509 975 556 Hieronymo
1010 508 1187 550 adscribit,
1216 508 1328 542 valere

187 572 314 605 debent
350 573 468 605 eadem
507 583 713 616 argumenta.
765 572 922 618 Qualiter
953 581 1067 606 autern
1098 571 1132 605 in
1163 572 1331 617 interpre-

185 634 296 668 tandis
320 634 481 668 Homiliis
506 636 586 679 illis,
611 647 644 670 et
669 650 753 682 quae
778 637 814 670 in
838 635 998 676 Genesin,
1024 644 1058 668 et
1080 647 1166 680 quae
1190 635 1224 669 in
1239 634 1330 668 Exo-
1382 669 1386 672 ,

188 698 269 730 dum
293 697 428 732 habitae
452 708 540 741 sunt,
565 713 600 733 se
624 699 765 742 gesserit
786 699 940 740 Rufinus,
964 698 1000 732 id
1025 698 1099 744 ipse
1123 698 1274 732 declarat
1293 698 1330 731 in

187 761 413 795 peroratione
437 775 516 796 mox
543 763 659 797 citata:
699 763 853 796 »Fateor
876 774 1042 807 namque,
1066 760 1208 795 Heracli
1226 761 1332 794 frater

186 825 432 866 amantissime,
464 827 559 872 quod
583 828 665 860 dum
696 825 761 860 tuis
794 825 970 860 desideriis
994 824 1185 859 satisfacere
1217 823 1332 870 cupio,

190 888 317 922 oblitus
342 902 417 922 sum
442 902 548 934 paene
573 890 740 931 mandati,
767 904 834 936 quo
860 888 1112 935 praecipitur-2«
1142 888 1283 922 ›mOnus
1299 887 1331 932 ¹)

189 965 291 998 supra
317 952 403 986 vires
427 961 499 986 tuas
531 961 573 987 nc
599 953 838 986 levaveriszuu
875 951 1055 998 »quamvis
1078 951 1179 984 nobis
1208 964 1273 984 nec
1297 949 1330 983 in

188 1015 327 1056 ceteris,
366 1029 450 1061 quae
485 1026 519 1050 te
557 1017 748 1058 insistente,
784 1017 854 1050 imo
891 1015 1006 1061 potius
1042 1027 1183 1060 pensum
1219 1012 1331 1047 diurni

190 1079 303 1124 operis
329 1079 498 1122 exigente,
531 1080 564 1112 in
589 1080 746 1112 Latinum
772 1079 952 1119 vertimus,
984 1077 1134 1111 desuerit
1162 1076 1330 1122 plurimus

189 1143 299 1183 labor,
323 1143 405 1176 dum
429 1142 589 1187 supplere
617 1144 772 1188 cupimus
798 1156 846 1183 ca,
872 1155 957 1187 quae
982 1143 1025 1174 ab
1042 1140 1190 1183 Origene
1214 1140 1249 1173 in
1273 1153 1330 1173 au-

189 1205 316 1239 ditorio
343 1205 505 1239 ecclesiae
526 1219 562 1239 cx
582 1215 750 1251 tempore,
774 1217 843 1238 non
858 1215 927 1238 tam
945 1203 1202 1249 explanationis,
1229 1216 1329 1250 quam

188 1268 435 1301 aedificationis
460 1269 650 1301 intentione
676 1278 831 1314 perorata
856 1277 948 1302 sunt:
985 1267 1073 1300 sicut
1101 1266 1138 1300 in
1159 1266 1332 1307 Homiliis,

191 1331 260 1364 sive
294 1331 328 1364 in
355 1331 588 1366 Oratiunculis
618 1332 654 1364 in
679 1332 830 1365 Genesin
863 1341 897 1364 et
927 1330 962 1364 in
987 1329 1146 1363 Exodum
1177 1329 1331 1370 fecimus,

189 1404 222 1427 et
244 1394 428 1439 praecipue
451 1394 486 1426 in
513 1393 580 1434 his,
613 1407 698 1439 quae
723 1394 758 1427 in
783 1395 908 1427 librum
932 1392 1076 1426 Levitici
1100 1393 1142 1425 ab
1166 1391 1229 1426 illo
1253 1391 1331 1438 qni-

188 1458 266 1490 dem
290 1456 474 1503 perorandi
491 1457 570 1490 stilo
590 1456 724 1506 dictata,
749 1470 766 1490 a
782 1456 881 1490 nobis
901 1469 983 1490 vcro
1001 1455 1203 1502 explanandi
1218 1454 1332 1500 specie

187 1520 345 1554 translata
369 1530 456 1553 sunt.
505 1518 620 1563 Quem
645 1520 797 1554 laborem
830 1519 1046 1565 adimplendi
1075 1531 1161 1565 quae
1192 1519 1332 1552 deerant

189 1583 318 1617 idcirco
351 1583 577 1628 suscepimus,
604 1569 656 1616 ine
687 1583 839 1628 pulsatae
873 1581 1086 1628 quaestiones
1113 1591 1149 1615 et
1179 1581 1330 1623 relictae,

191 1647 284 1690 quod
316 1646 348 1679 in
379 1646 603 1679 Homiliatieo
637 1645 774 1679 dicendi
805 1659 926 1690 genere
958 1647 1000 1681 ab
1030 1646 1093 1679 illo
1126 1657 1225 1690 saepe
1255 1643 1331 1678 fieri

190 1709 288 1749 solet,
314 1708 419 1742 latino
445 1709 568 1743 lectori
590 1709 764 1743 fastidium
789 1718 1020 1752 generarent.‹t
1061 1706 1244 1752 Egregium
1267 1706 1332 1740 sci-

189 1770 272 1804 licet
296 1771 529 1816 interpretem,
557 1773 598 1805 de
623 1785 684 1807 suo
710 1772 878 1818 quidquid
903 1772 1039 1805 libitum
1057 1780 1106 1805 est
1122 1770 1330 1814 largientem.

189 1832 266 1866 Hoc
278 1833 312 1878 ²)
344 1833 395 1865 illi
426 1834 589 1868 debemus
623 1845 755 1876 tamen,
796 1835 888 1880 quod
922 1834 1076 1878 legitimo
1108 1846 1169 1867 suo
1200 1832 1333 1866 auctori

188 1895 361 1928 restitutae
391 1906 486 1937 sunt,
525 1910 612 1943 quae
644 1897 732 1931 inter
763 1897 884 1944 cyrilli
909 1897 1026 1943 Opera
1061 1896 1148 1930 falso
1180 1895 1334 1929 vendita-

187 1957 318 1990 bantur.
379 1957 493 2003 ltaque
525 1959 772 2000 Bellarrninus,
805 1959 864 2003 qui
897 1958 957 1993 lib.
974 1957 1036 1992 IV.
1067 1959 1109 1992 de
1132 1958 1240 1992 verbo
1263 1957 1333 1991 Dei

190 2032 261 2065 cap.
279 2019 344 2060 11„
369 2031 521 2054 essentne
547 2020 703 2064 Origenis
729 2021 871 2055 definire
896 2034 965 2054 non
991 2033 1088 2055 ausus
1113 2021 1233 2062 fuerat,
1259 2032 1331 2054 eas-

284 2134 316 2180 ¹)
342 2134 411 2168 Csr.
436 2135 516 2179 Sap.
543 2134 647 2168 Sirac.
673 2135 779 2174 XIII,
802 2134 835 2171 2.
861 2134 1124 2181 (Ecclesiastic.)

281 2195 316 2240 ²)
342 2194 426 2229 Vide
465 2196 746 2230 Admonitionem
792 2206 945 2232 nostram
989 2199 1030 2232 ad
1069 2192 1258 2241 ἐξηγητικά
1294 2193 1329 2228 in

185 2239 394 2280 Lex-hicum,
420 2242 476 2274 uhi
501 2241 655 2286 pluribus
680 2242 752 2274 aliis
777 2243 948 2276 rationum
974 2242 1156 2277 momentis
1181 2239 1329 2274 ostendi—

187 2296 290 2362 inusl,¹
315 2285 481 2319 Humilias
514 2285 586 2320 illas
621 2299 690 2320 esse
725 2288 911 2329 genuinum
940 2289 1116 2331 origenis,
1146 2298 1218 2319 non
1246 2297 1327 2317 vero

185 2332 262 2365 Cvri
295 2330 444 2364 iscium.
494 2332 534 2365 R.
