1422 2472
369 124 682 157 Omssssmsonvm
715 125 827 157 Lmen
854 123 899 155 ΙΙ.
1146 116 1187 150 77

57 238 114 258 scu
147 222 286 265 ι-ἾΞ-ἼἾ,
313 238 380 268 quo
407 234 543 257 notatur
560 226 755 265 monachus,
776 224 884 257 oritur
909 236 946 254 ex
972 223 1065 260 ΠΠἻ,
1106 228 1188 250 con-

57 284 233 325 turbavit,
253 287 471 330 perterruit.
520 287 608 319 Hine
641 287 713 331 quis
745 287 884 318 sortasse
917 281 1105 317 sarabaitas
1139 279 1189 311 di-

57 357 128 380 ctos
153 356 249 392 putet
274 347 457 380 monachos
482 347 663 392 inquietos,
689 357 924 385 contumaces,
955 354 990 377 et
1013 341 1188 375 turbulen-

57 419 128 451 tos;
152 422 229 441 nam
256 422 313 441 eos
337 407 426 440 inter
447 421 482 440 se
507 409 661 442 altercari
694 419 726 442 et
751 408 955 441 contendere
979 404 1098 438 solitos
1122 413 1189 435 tra-

58 470 107 503 dit
132 470 370 516 Hieronymus.
419 470 618 504 Nominatos
641 472 777 516 quidam
796 470 1008 514 suspicantur
1027 464 1099 500 ἀπὸ
1126 466 1188 497 τοῦ

57 531 244 578 Σαράβου,
271 537 424 566 τουτέστι
454 535 517 567 τοῦ
532 539 740 577 γυναικείου
757 533 918 566 αἰδοίου·
945 529 992 561 sic
1018 528 1107 560 enim
1132 538 1190 558 vo-

59 606 132 626 cem
165 594 248 626 hanc
277 592 540 638 interpretantur
570 594 757 640 Hesychius
796 603 829 626 et
863 591 993 626 suidas.
1057 587 1191 621 Promti

58 664 170 687 autem
197 662 289 686 erant
314 654 349 686 in
368 668 526 688 venerem
543 655 745 689 Sarabaitae.
789 653 1009 698 Quapropter
1021 651 1067 684 ait
1083 650 1193 683 Hum-

57 718 172 750 bertus
203 715 405 750 Cardinalis:
443 717 562 751 »Unde
590 728 623 750 et
647 717 854 750 fornicantes
879 714 1067 749 sarabaitas
1092 723 1189 744 vene-

58 786 218 810 rantum«
245 778 304 810 sed
331 778 544 812 verisimilius
571 789 630 820 est,
655 779 748 824 quod
773 777 948 811 attulimus
972 775 1087 820 priore
1112 774 1192 806 loco

58 838 204 871 nominis
228 838 325 885 hujus
351 841 588 886 veriloquium.
636 841 683 874 Ut
707 851 744 873 ut
768 849 828 881 est,
853 852 921 872 non
944 846 1078 883 praeter
1091 835 1194 869 ratio-

59 914 136 934 nem
162 900 254 934 credi
277 902 400 946 possit,
436 902 606 949 ejusmodi
641 901 791 935 convitio
824 901 900 946 pios
926 910 959 932 et
984 899 1193 932 orthodoxos

60 962 244 996 monachos
269 963 311 996 ab
336 963 450 1010 impiis
475 965 676 1008 Origenistis
700 963 802 996 fuisse
828 963 1009 995 traductos.
1050 960 1120 994 Sed
1143 959 1195 992 ni-

61 1024 110 1057 hil
134 1033 246 1057 tamen
271 1035 455 1058 mutamus:
481 1039 543 1059 nec
569 1026 743 1059 asserimus
766 1025 960 1070 quicquam,
985 1023 1042 1055 sed
1063 1031 1194 1054 tantum

62 1086 297 1132 proponimus.
347 1092 457 1132 Atque
479 1089 560 1120 haec
587 1089 706 1121 obiter.

152 1149 209 1180 Vl.
257 1148 454 1192 Expugnata
485 1150 594 1182 Sabae
632 1151 740 1182 Laura
774 1149 815 1181 ad
855 1148 1095 1192 imperatorem
1132 1146 1196 1177 Pa-

63 1219 154 1242 trum
179 1208 321 1241 consilio
346 1209 575 1253 proficiscitur
592 1210 747 1243 Gelasius
765 1209 969 1242 monasterio
995 1208 1196 1252 praefectus,

63 1283 176 1303 rerum
201 1279 368 1312 gestarum
381 1284 545 1304 summam
568 1273 609 1305 ad
625 1285 702 1304 eum
720 1271 927 1316 perlaturus:
952 1283 1070 1302 verum
1083 1268 1198 1301 Theo-

65 1332 141 1365 dori
169 1332 391 1365 Caesariensis
418 1334 570 1378 episcopi
601 1334 727 1366 artibus
754 1334 915 1365 effectum
942 1342 1001 1372 est,
1026 1340 1063 1363 ut
1088 1329 1197 1362 omnis

63 1396 105 1427 ad
129 1394 390 1438 imperatorem,
421 1403 454 1426 et
486 1395 528 1427 ad
555 1395 971 1440 Constantinopolitanum
996 1392 1197 1437 episcopum

64 1455 175 1489 aditus
200 1455 230 1488 ei
254 1457 543 1500 praecluderetur,
569 1467 602 1490 et
625 1471 661 1489 re
686 1457 821 1490 tandem
854 1456 977 1488 infecta
1000 1454 1197 1486 discederet.

66 1519 302 1550 Revertentem
330 1517 480 1557 Amorii,
517 1532 602 1563 quae
628 1519 793 1565 Phrygiae
819 1519 896 1550 urbs
922 1526 988 1556 est,
1020 1528 1110 1547 mors
1136 1527 1198 1557 op-

65 1579 195 1624 pressit.
246 1578 378 1620 Quibus
405 1579 602 1620 intellectis,
635 1567 741 1614 Sabae
774 1581 916 1612 Laui-am
951 1576 1102 1619 Georgio
1129 1574 1198 1607 cui-

67 1643 144 1674 dam
176 1653 401 1673 consecraneo
433 1654 494 1674 suo
531 1643 711 1685 regendam
747 1641 966 1675 committunt
996 1639 1199 1672 Theodorus

67 1713 100 1737 et
123 1701 352 1735 Domitianus.
401 1702 621 1736 orthodoxos
651 1704 711 1736 ille
744 1703 922 1736 confestim
956 1703 1064 1735 Laura
1089 1699 1198 1742 exigit.

69 1769 113 1798 At
137 1766 209 1809 ipse
234 1777 370 1809 quoque
394 1777 462 1796 non
486 1765 596 1796 multo
623 1775 700 1809 post
721 1765 923 1798 libidinosae
940 1763 1113 1810 cujusdam
1139 1761 1201 1793 im-

68 1826 223 1872 puritatis
251 1825 425 1858 convictus
455 1826 664 1859 monasterio
697 1827 858 1869 abigitur,
895 1839 970 1858 cum
997 1824 1099 1869 paulo
1125 1831 1200 1856 ante

69 1887 264 1932 turpissimo
291 1887 381 1919 exitu
405 1889 546 1920 Nonnus
572 1887 672 1920 vitam
706 1889 887 1922 clausisset.
936 1886 1123 1928 Georgium
1149 1898 1203 1916 ex-

72 1949 161 1993 cepit
189 1948 374 1987 Cassianus,
400 1948 450 1981 vir
474 1949 593 1982 sanctis
625 1959 658 1981 et
684 1950 841 1992 legitimis
868 1948 1058 1994 disciplinis
1083 1948 1117 1979 in
1143 1947 1201 1979 Sa-

71 2011 131 2042 bae
156 2010 364 2043 umbraculis
390 2010 574 2052 institutus3
608 2012 802 2045 Cassianum
828 2021 906 2057 post
930 2011 1048 2043 decem
1072 2019 1202 2040 menses

73 2072 271 2104 defunctum
303 2073 424 2106 Conon
459 2073 632 2105 doctrinae
668 2073 856 2116 integritate
890 2082 922 2105 et
960 2072 1082 2104 virtute
1116 2067 1202 2101 nulli

72 2134 257 2174 secundus,
287 2146 306 2166 a
339 2147 406 2178 quo
438 2135 670 2179 frequentibus
696 2135 840 2167 dissidiis
865 2133 1010 2173 afflicta,
1036 2140 1066 2163 et
1093 2140 1201 2174 prope

72 2193 139 2239 ja'm
163 2194 294 2226 deserta
317 2195 422 2227 Laura
448 2196 613 2228 revocatis
645 2196 800 2229 Patribus
833 2193 1032 2228 orthodoxis
1068 2192 1101 2224 in
1132 2186 1201 2235 prit'

72 2256 195 2288 >tinum
221 2256 437 2300 splendorem
474 2257 625 2290 restituta
650 2267 714 2290 est:
748 2271 824 2290 cum
858 2254 1053 2302 praesertim
1084 2251 1202 2298 profli-

73 2317 182 2359 gando
209 2317 424 2358 Origenismo
451 2331 588 2362 operam
614 2333 705 2352 suam
731 2327 865 2352 navaret
897 2317 1016 2351 iisdem
1041 2313 1202 2359 tempori—
