1413 2482
202 88 269 125 306
541 86 575 120 S.
601 85 778 119 Pampum
810 85 1000 121 Mauritius

207 178 389 225 sapientiae
415 185 447 209 ct
471 175 649 216 scientiae,
675 175 870 209 exercitium
894 176 1016 209 habere
1039 185 1188 222 possent,
1212 177 1245 209 in
1272 189 1341 221 quo

206 241 328 283 ingenii
354 239 404 272 sui
430 239 577 271 fructum
604 239 781 271 ostendere
813 238 982 279 valerent,
1013 238 1046 271 Ιιὶ
1079 239 1252 279 videlicet,
1285 239 1341 283 qui

206 304 325 346 «lignos
350 314 384 334 se
409 311 441 334 et
465 313 602 346 capaces
626 297 807 345 sapientiae
831 310 1080 345 praepararent.

297 363 435 410 Species
460 376 541 395 vero
567 376 703 402 eorum,
734 375 819 407 quae
852 375 913 407 per
936 363 1224 408 praedicationem
1250 363 1343 408 Apo-

206 428 360 461 stolicam
393 425 567 458 manifeste
599 426 795 466 traduntur,
834 424 916 457 istae
949 434 1035 459 sunt.
1084 425 1223 465 Primo,
1251 425 1344 470 quod

207 503 292 523 unus
319 497 367 521 est
390 488 495 528 Deus,
516 487 578 533 'qui
603 488 716 521 omnia
742 487 883 527 creavit,
908 496 1008 532 atque
1033 487 1245 533 composuit,
1269 486 1344 532 qui-

208 564 273 598 que
291 551 321 595 ¹)
348 563 385 583 ex
410 549 511 582 nullis
537 562 607 582 esse
636 549 717 583 fecit
741 549 913 590 universa,
944 550 1038 583 Deus
1069 563 1087 582 a
1119 549 1228 594 prima
1254 561 1345 581 crea—

208 625 281 647 tura
307 622 341 646 et
364 612 560 645 conditione
585 611 715 652 mundi,
740 611 892 644 omnium
916 611 1082 657 justorum
1096 613 1200 652 Deus,
1226 611 1345 651 Adam,

213 675 310 715 Abel,
334 676 429 714 Seth,
452 674 555 714 Enos,
580 674 718 714 Enoch,
743 675 835 714 Noe,
859 675 1005 719 Sem‚‘²)
1032 673 1217 713 Abraham,
1242 674 1345 713 Isaac,

207 738 328 777 Jacob,
352 736 533 769 duodecim
566 735 848 783 patriarcliamm,
874 735 1000 776 Mosis,
1026 745 1059 768 ct
1082 735 1344 781 prophetarum:

210 810 243 833 ct
267 800 360 845 quod
385 798 439 831 hic
463 798 556 831 Deus
581 797 615 830 in
639 797 830 831 novissimis
856 798 985 838 dicbus,
1010 798 1096 831 sicut
1120 811 1182 843 per
1196 798 1345 843 prophe·

210 872 258 895 tas
281 874 360 894 suos
383 869 458 893 ante
481 859 700 904 promiserat,
731 859 822 892 misit
846 859 1035 892 Dominum
1049 860 1082 904 ³)
1106 861 1222 893 Jesum
1247 859 1346 894 Chr-i-

209 933 308 963 stum,
334 922 446 967 primo
472 921 610 966 quidem
633 931 830 954 vocaturum
851 921 962 961 lsrael,
986 922 1134 954 secundo
1150 934 1230 954 vero
1245 922 1345 955 etiam

211 986 338 1019 Gentes
362 993 439 1028 post
463 983 640 1028 perfidiam
664 983 786 1028 populi
820 983 929 1017 Israel.
978 984 1043 1016 llic
1066 984 1159 1016 Deus
1184 983 1289 1030 justus
1313 993 1347 1017 et

210 1049 330 1086 bonus,
355 1054 452 1090 pater
475 1044 616 1077 Domini
641 1044 747 1078 nostri
772 1046 852 1077 Jesu
884 1044 1025 1085 Christi,
1057 1044 1184 1087 legem,
1215 1055 1249 1078 et
1266 1059 1346 1091 pro-

211 1108 339 1154 phetas,
364 1115 396 1139 et
420 1106 602 1149 Evangelia
626 1107 697 1152 ipse
722 1106 826 1146 dedit,
851 1106 910 1151 qui
934 1116 966 1139 et
982 1107 1226 1151 Apostolorum
1251 1109 1345 1141 Deus

214 1180 273 1210 est,
299 1179 331 1202 et
356 1168 476 1201 veteris
508 1168 588 1214 eff)
618 1168 698 1201 novi
732 1168 951 1205 Testamenti.
998 1169 1086 1202 Tum
1120 1169 1241 1202 deinde
1267 1169 1344 1214 quia

214 1232 412 1276 Clu-istus&
437 1230 535 1263 Jesus
559 1230 631 1275 ipse
656 1230 713 1276 qui
739 1230 847 1271 venit,
882 1240 957 1264 ante
989 1244 1125 1264 ornnem
1158 1241 1344 1265 creaturam

213 1304 308 1327 natus
332 1306 369 1326 ex
393 1293 491 1325 Patre
517 1302 574 1325 est.
629 1291 700 1336 Qui
726 1305 800 1325 cum
825 1292 859 1326 in
885 1293 1037 1326 omnium
1062 1293 1258 1327 conditione
1282 1295 1344 1328 Pa-

211 1357 254 1390 tri
286 1354 523 1394 ministrasset,
559 1353 704 1399 (npers’)
741 1354 852 1399 ipsum
885 1368 1030 1400 namque
1043 1357 1075 1400 ⁷)
1114 1356 1226 1389 omnia
1258 1357 1344 1389 facta

211 1417 337 1462 sunt,«)
369 1415 557 1449 novissimis
588 1415 798 1461 temporibus
830 1430 864 1450 se
904 1417 1015 1462 ipsum
1047 1417 1254 1459 exinaniens,
1284 1419 1345 1451 ho-

213 1494 269 1514 mo
283 1480 318 1524 8)
343 1480 448 1512 sactus
473 1487 538 1520 est3
563 1478 750 1511 incarnatus
776 1488 824 1512 est
849 1492 925 1512 cum
945 1479 1038 1512 Deus
1063 1488 1158 1521 esset,
1183 1489 1216 1513 et
1240 1480 1343 1514 homo

214 1655 289 1688 odd.
315 1654 378 1698 M.)
403 1662 440 1685 ut
465 1652 497 1685 in
523 1643 633 1691 teitu,
664 1651 726 1684 nisi
752 1652 844 1697 quod
869 1652 953 1686 Cod.
981 1651 1192 1697 Corbejensis
1218 1655 1344 1689 omittit

214 1701 330 1732 γωδ-ἰε
356 1706 387 1732 ee
411 1699 584 1732 scientiae.
612 1698 649 1730 R.

310 1757 339 1799 ¹)
364 1755 450 1787 Edd.
477 1755 523 1787 M.
550 1756 675 1799 quique
698 1768 740 1788 ex
764 1756 871 1788 m'kilo
894 1767 963 1788 esse
986 1755 1070 1797 fecit
1094 1763 1156 1789 cte.
1184 1755 1245 1788 Ed.
1276 1756 1341 1789 Re-

214 1800 419 1845 ‹h-penning:
459 1802 600 1844 quique,
637 1813 712 1834 cum
743 1802 833 1834 nihil
862 1808 963 1842 e‚sset
1001 1812 1071 1833 esse
1101 1802 1185 1843 fecit
1211 1810 1272 1834 etc.
1301 1822 1339 1827 -—

216 1848 283 1880 Ch.
316 1846 358 1878 ll.
385 1845 531 1877 Mam-ab.
561 1846 634 1886 Vll,
658 1845 713 1879 28.

305 1902 339 1944 ²)
365 1901 469 1933 Deest.
493 1904 570 1934 Sem
595 1900 628 1932 in
654 1901 706 1936 ed.
731 1899 982 1944 Redepenning.

304 1958 338 2001 ³)
364 1957 426 1990 Ed.
451 1956 709 2001 Redcpenning:
756 1957 934 1989 Dominum
959 1963 1110 1991 nostrum
1136 1960 1252 1993 Jesum
1277 1969 1338 1995 etc.

307 2015 339 2057 ²)
364 2013 450 2045 Edd.
477 2013 523 2049 Μ,
548 2025 599 2045 ac.

305 2071 337 2115 ⁵)
362 2069 448 2103 Edd.
474 2069 519 2101 M.
546 2078 579 2100 vt
602 2066 860 2112 Rem-penning:
885 2069 984 2102 Jews
1011 2070 1166 2105 Christus
1190 2074 1262 2117 ipse
1274 2082 1335 2108 etc.

305 2128 338 2170 ⁶)
365 2126 434 2159 (Ἂν.
461 2139 508 2157 ev.
532 2125 651 2156 Jonnn.
679 2125 702 2163 l,
725 2125 756 2157 3.

304 2182 337 2226 ⁷)
362 2182 424 2214 Ed.
452 2181 705 2225 liedepvnning:
731 2182 828 2214 enim.

300 2238 334 2282 ⁸)
359 2238 421 2272 Ed.
446 2238 702 2282 Rcdepenning:
727 2239 947 2281 humefactus
967 2241 1168 2273 inc-armans
1188 2249 1236 2274 es!
1261 2255 1332 2275 cum

210 2285 298 2317 Deus
323 2291 416 2318 esset.
444 2291 474 2316 et
500 2293 560 2315 etc.

1390 1822 1392 1872 ι

1388 1880 1391 1958 Ι
