1422 2472
403 76 589 107 ΛνοιοῦιΛ
614 84 683 107 pao
709 72 886 106 OmGENE.
1141 71 1206 106 325

83 174 201 194 vocans
225 162 408 206 discipulos
431 176 509 195 suos
525 164 555 206 ¹)
573 163 726 196 Salvator
743 162 840 195 dicit:
853 163 886 206 ²)
917 163 1032 195 Estote
1051 162 1204 206 perfecti,

78 223 164 256 sicut
188 233 220 256 et
244 224 344 256 Pater
371 235 480 257 vester
508 224 662 257 coelestis
693 227 860 269 perfectus
901 234 966 264 est,
1004 223 1060 268 qui
1095 224 1201 255 solem

77 298 172 317 suum
199 285 279 318 oriri
300 285 440 331 jubet3)
463 300 564 330 super
587 287 695 319 bonos
720 296 752 319 et
776 288 903 327 malos,
936 295 968 318 et
992 284 1080 330 pluit
1103 297 1204 329 super

78 346 180 391 justos
205 357 238 380 et
262 347 422 392 injustos:
455 348 559 380 cuivis
585 348 683 380 etiam
708 349 843 391 exiguae
867 347 1104 389 intelligentiae
1129 346 1200 378 viro

75 409 356 442 evidentissimum
388 409 532 452 suggerit
546 410 579 454 ⁴)
609 410 838 449 intellectum,
877 410 970 454 quod
1001 422 1068 441 non
1099 408 1200 441 aliurn

73 470 114 502 :td
139 470 336 503 imitandum
360 472 522 516 proponit
546 471 718 516 discipulis
747 472 814 504 suis
838 472 969 511 Deum,
1000 471 1063 503 nisi
1095 472 1201 503 sacto-

71 544 142 564 rem
166 532 303 577 solis‚⁵)
327 542 361 565 et
384 533 543 566 imbrium
566 534 823 578 praebitorem.«

160 593 438 629 PAMPHILUS.
484 596 566 628 Post
597 596 678 628 heec
707 595 742 628 in
772 593 1052 639 consequentibus
1084 593 1198 625 multis

70 656 270 697 argumentis
294 665 393 701 atque
418 656 579 701 exemplis
603 656 852 701 Scripturarum
878 657 1063 693 affirmans,
1088 663 1198 686 osten-

70 716 120 749 dit
144 717 302 761 quoniam
333 731 417 750 unus
450 728 482 750 et
515 718 605 750 idem
637 718 794 762 Deus,⁶)
828 718 921 750 Deus
956 726 1004 749 est
1035 715 1133 757 legis,
1164 725 1197 748 et

68 778 339 820 Evangeliorum,
363 788 396 811 et
419 779 671 824 prophetarum,
696 789 728 812 et
752 779 1010 823 Apostolorum,
1034 777 1138 823 justus
1164 787 1197 809 et

67 841 193 879 bonus.
233 840 414 873 visibilium
447 850 479 873 et
510 840 746 880 invisibilium,
783 854 820 873 ac
845 841 947 873 totius
972 838 1194 872 universitatis

66 901 243 935 Dominus.
292 901 477 945 Quomodo
509 915 587 944 ergo
611 902 750 935 senserit
775 903 816 935 (le
839 903 915 935 Deo
941 902 1056 941 Patre,
1081 915 1119 933 ex
1144 900 1194 933 his

67 963 137 1008 ejus
161 963 310 1008 scriptis,
341 978 424 1008 quae
456 978 553 1009 supra
579 964 808 1009 exposuimus,
834 965 962 997 claruit.
1010 963 1191 997 Videamus

67 1038 144 1067 ergo
160 1026 191 1069 ⁷)
218 1039 306 1058 nunc
329 1026 473 1070 qualiter
497 1036 527 1059 et
554 1028 595 1059 de
619 1026 683 1059 Dei
709 1027 799 1061 Filio
826 1026 971 1058 disserat.

396 1257 432 1299 C
471 1260 510 1299 A
548 1261 576 1298 P
616 1259 654 1299 U
691 1259 726 1298 T
783 1258 851 1298 Ill.

412 1359 464 1390 De
488 1358 623 1390 Deitate
652 1357 732 1390 Filii
757 1357 833 1391 Dei.

151 1446 394 1480 ORIGENES.
445 1448 531 1480 »Pro
545 1449 579 1492 ⁸)
618 1448 744 1481 viribus
776 1449 875 1490 igitur
904 1447 1026 1480 nostris
1058 1447 1185 1491 perexi-

61 1511 131 1553 guis
156 1508 362 1542 considerata
396 1522 432 1541 ex
466 1523 606 1553 operum
637 1524 774 1542 suorum
807 1510 908 1552 magis
938 1523 1036 1553 quam
1061 1522 1099 1540 ex
1123 1522 1184 1540 no-

60 1571 118 1605 stri
141 1584 253 1604 sensus
278 1570 573 1614 contemplatione,
598 1571 707 1604 divina
730 1582 855 1612 natura,
879 1570 1073 1615 intuitis-que
1101 1570 1184 1603 nihi-

61 1633 207 1666 lominus
233 1632 438 1676 creaturis9)
462 1632 530 1677 ejus
557 1632 759 1673 visibilibus,
783 1634 849 1666 side
874 1646 1008 1678 quoque
1032 1632 1180 1666 invisibi-

154 1769 184 1811 ¹)
209 1767 314 1798 Deest
336 1779 412 1800 suos
436 1767 468 1798 in
494 1767 545 1798 ed.
571 1767 701 1811 Redep.

149 1825 183 1866 ²)
208 1823 293 1855 Edd.
319 1823 366 1856 M.
391 1824 452 1856 ait.
477 1841 516 1846 -—
544 1822 612 1855 Csr.
638 1824 757 1857 Mauh.
783 1824 822 1863 V,
847 1823 899 1858 48.
924 1823 976 1858 45.

149 1880 182 1921 ³)
208 1879 294 1911 Edd.
319 1879 365 1911 M.
389 1881 487 1922 facit.

149 1936 183 1979 ⁴)
207 1935 294 1967 Edd.
319 1935 366 1967 M.
390 1948 457 1969 non
480 1938 639 1980 sagmarii.

149 1993 181 2033 5)
208 1991 269 2023 Ed.
294 1991 422 2035 Redcp.
446 1993 539 2025 coeli.

151 2048 185 2090 ὀ)
208 2047 294 2079 Edd.
322 2048 367 2080 M.
391 2049 481 2082 Deus
505 2051 586 2093 leyis
611 2057 659 2082 est
683 2056 714 2083 et
737 2051 1008 2094 Evanycliormn.

100 2096 104 2099 ἢ
151 2104 184 2146 7)
209 2103 311 2135 Deest
334 2116 411 2147 erqo
435 2103 466 2135 in
492 2106 567 2138 edd.
595 2105 642 2137 M.

149 2159 183 2201 ὃ)
207 2159 369 2191 Desumta
399 2168 475 2191 sunt
506 2160 585 2193 haec
617 2163 715 2194 verba
740 2175 776 2194 ex
801 2162 859 2194 lib.
887 2162 924 2193 ΙΙ.
949 2164 1031 2207 περὶ
1053 2161 1176 2205 ἀρχῶν

59 2218 129 2250 cap.
153 2205 208 2238 vl.
233 2217 322 2235 num.
350 2205 378 2238 1.
403 2204 472 2237 (jsr.
497 2206 548 2237 ed.
575 2206 701 2251 Redep.
728 2221 799 2250 pag.
822 2207 896 2241 193.
919 2220 986 2251 seq.

150 2260 183 2303 9)
209 2260 257 2292 lta
282 2269 369 2292 recte
395 2260 474 2293 editi
500 2261 545 2304 (v.
572 2275 597 2295 c.
624 2264 697 2295 edd.
725 2264 800 2307 M),
827 2272 860 2295 et
884 2263 960 2297 libri
985 2263 1026 2295 de
1048 2261 1175 2296 Princi-
