1413 2482
178 98 245 132 252
519 100 629 133 Pam
655 101 829 134 Datim-:us
854 101 986 135 Humi!

268 188 395 221 Eadem
421 198 453 221 ct
475 189 624 233 quintam
640 190 825 223 Humiliam
847 191 1017 231 exhibent,
1032 204 1118 236 quae
1137 192 1221 225 nihil
1236 192 1316 226 Ori-

177 250 353 291 gcnianum
372 250 481 291 habet,
499 265 565 283 nou
583 252 710 291 stilum,
734 265 802 285 non
817 253 1004 296 allegorias,
1029 266 1096 286 non
1115 253 1315 287 clausulam:

180 313 288 344 oratio
318 312 465 352 concisa,
492 313 666 352 dissoluta,
695 316 997 358 ἕσχημαῖισμείἠ.
1041 315 1178 348 Initium
1197 316 1317 349 Homi—

179 373 260 412 liae,
285 375 378 418 quod
405 375 560 416 Origenis
590 375 779 408 doctrinam
804 377 907 422 sapit,
934 376 1117 409 lectoribus
1142 376 1314 421 imposuit.

178 435 263 467 Vide
289 435 439 468 Tomum
461 437 502 469 X.
530 437 562 468 in
582 437 701 471 Matth.
727 451 819 471 num.
840 439 888 479 1.;
914 439 1047 471 easdem
1074 439 1142 470 fere
1168 438 1316 483 reperies

176 497 365 530 sententias.
410 497 515 541 Quod
541 498 604 531 nisi
630 499 731 531 dubia
758 509 843 533 esset
868 500 1094 545 interpretum
1120 500 1214 540 fides,
1237 499 1317 532 scri-

176 568 311 602 ptorem
337 560 490 592 Latinum
523 574 592 594 esse
625 561 809 605 judicarem
844 574 882 594 ex
915 561 963 594 his
989 562 1115 595 verbis:
1156 560 1316 605 »Cum¹)

274 666 304 711 ¹)
329 667 421 700 Haec
460 670 577 708 verba,
615 678 712 713 atque
750 668 1002 713 praecedentia:
1054 669 1315 713 „Capliarnaum

175 736 320 768 namque
346 724 588 769 interpretatur
612 738 706 767 ager,
743 724 899 757 vel'villa
927 724 1180 758 consolationis.
1231 725 1316 758 Cum

175 792 294 821 ager,«
319 790 400 820 etc.,
433 794 502 813 non
537 790 664 813 exstant
693 780 726 813 in
761 781 918 819 omnibus
945 780 1001 819 iis,
1032 790 1204 826 quotquot
1236 780 1315 819 vidi,

173 835 317 879 antiquis
342 836 554 869 Homiliariis
579 850 679 868 manu
706 837 862 876 exaratis,
894 837 952 869 ubi
979 837 1099 869 horum
1127 838 1310 869 verborum

174 891 252 924 loco
279 893 416 934 legitur:
445 893 534 927 »Cur
558 893 605 925 ibi
632 893 798 935 ingressus
823 893 894 927 est?
939 894 1087 937 Propter
1111 893 1196 931 hoc,
1221 894 1314 937 quod

173 957 207 980 et
231 947 370 989 invenit,
396 959 428 982 et
452 949 564 982 statim
589 949 802 981 manifestum
830 959 910 983 est.«
953 964 967 978 n
983 948 1155 982 „Accessit
1175 949 1215 980 ad
1237 963 1313 981 eum

174 1003 397 1037 Centurio.««
425 1006 563 1050 (Matth.
589 1006 690 1044 Vill,
715 1006 763 1050 5.)
795 1005 965 1038 »Accessit
991 1018 1087 1046 vere3
1119 1018 1188 1037 non
1214 1006 1312 1038 dimi-

173 1060 266 1099 dius,
302 1062 360 1093 sed
391 1071 500 1096 totus:
543 1074 611 1094 non
642 1062 804 1106 adspectu
832 1061 986 1106 corporis
1018 1070 1166 1101 tantum,
1197 1063 1255 1095 sed
1281 1072 1314 1095 et

171 1116 301 1149 animae
326 1118 557 1162 plenitudine:
582 1130 650 1150 non
676 1118 762 1150 facie
787 1127 928 1157 tantum,
953 1117 1012 1150 sed
1038 1127 1071 1150 et
1095 1118 1312 1151 immaculato

173 1175 306 1207 corde.«
356 1173 414 1207 Sic
445 1183 479 1206 et
509 1174 606 1206 initio
632 1174 806 1207 Homiliae
838 1188 900 1219 pro
936 1173 985 1206 his
1013 1174 1141 1206 verbis:
1194 1176 1312 1208 »›.·De-

171 1231 352 1264 scendente
375 1231 459 1263 Jesu
484 1231 525 1263 de
551 1240 686 1270 monte,
718 1240 853 1263 secutae
877 1239 955 1262 sunt
980 1230 1100 1262 turbae
1125 1230 1310 1264 multae.««

172 1287 419 1332 (Mattthll,
447 1287 494 1332 1.)
521 1288 696 1320 »Docente
723 1300 802 1319 vero
822 1287 974 1318 Domino
1001 1285 1035 1318 in
1060 1295 1189 1326 monte,
1215 1287 1314 1320 disci-

170 1343 244 1388 puli
270 1353 364 1377 erant
389 1357 464 1376 cum
490 1345 576 1387 ipso,
602 1343 722 1388 quibus
748 1343 864 1375 datum
890 1351 980 1382 erat,
1006 1343 1162 1375 coelestis
1188 1344 1314 1376 doctri·

170 1413 233 1432 nac
270 1413 368 1432 nosse
399 1409 545 1439 secreta,
582 1412 644 1444 per
680 1412 764 1443 quae
802 1398 919 1431 salutis
957 1398 1097 1432 scientia
1132 1400 1311 1431 brutorum

173 1457 276 1489 corda
300 1457 447 1496 salirent,
474 1468 723 1500 caecorumque
750 1455 858 1488 oculis
883 1468 945 1499 per
961 1456 1149 1488 mundanae
1167 1455 1314 1488 delecta-

171 1512 272 1545 tionis
304 1514 460 1545 tenebras
494 1509 712 1554 caligantibus
745 1511 857 1543 lucem
888 1512 1118 1556 patefacerent
1151 1512 1311 1545 veritatis.

169 1569 268 1603 Unde
286 1579 319 1602 et
334 1569 506 1602 Dominus
524 1569 565 1601 ad
584 1581 684 1601 eost«
715 1568 827 1601 »»Vos
854 1567 942 1608 estis,
967 1568 1088 1612 inquit,
1111 1569 1159 1601 sal
1185 1578 1310 1601 terrae:

170 1638 229 1657 vos
261 1625 338 1657 estis
373 1634 406 1657 et
437 1626 564 1658 lumina
597 1624 781 1658 mundi.«'«
822 1624 909 1669 (Csr.
937 1624 1059 1658 Matth.
1084 1625 1132 1664 V,
1160 1623 1212 1658 13·
1240 1624 1309 1669 14.)

173 1682 289 1713 »Nunc
322 1694 402 1714 vcro
436 1680 661 1714 descendente
694 1695 734 1713 eo
772 1681 814 1713 de
851 1691 988 1721 monte,
1025 1681 1143 1713 turbae
1175 1689 1310 1713 secutae

168 1746 246 1769 sunt
283 1750 369 1769 eum.
426 1739 464 1770 ln
499 1748 651 1770 montem
688 1737 819 1770 scilicet
855 1737 1060 1770 adscendere
1097 1749 1310 1782 nequaquam

168 1802 342 1837 poterant,
369 1793 446 1837 quia
470 1807 555 1838 quos
581 1794 785 1826 delictorum
810 1793 936 1826 sarcina
961 1792 1140 1837 deprimit,
1172 1793 1214 1825 ad
1239 1807 1310 1839 my—

168 1849 349 1881 steriorum
381 1849 537 1881 sublimia
570 1850 635 1882 nisi
666 1849 797 1893 abjecto
833 1862 936 1881 onere
973 1850 1134 1882 scandere
1169 1849 1309 1883 minime

170 1907 290 1938 valent.
340 1905 474 1938 Idcirco
508 1915 540 1938 et
575 1905 637 1937 filii
669 1905 770 1937 lsrael
802 1905 958 1950 primitus
996 1904 1028 1937 in
1063 1915 1215 1938 montem
1249 1907 1308 1939 ad-

167 1963 328 1996 scendere
349 1974 416 1993 non
435 1971 592 2006 poterant
609 1962 649 1993 ad
673 1962 880 1994 obviandum
895 1962 984 2000 Deo,
1010 1961 1087 2005 quia
1102 1961 1308 2007 Aegyptiaca

168 2019 293 2061 gravati
320 2018 575 2050 conversatione
601 2018 924 2061 praepediebantur,
958 2018 1014 2049 sed
1039 2017 1131 2049 solus
1157 2018 1304 2058 Moses,«

169 2086 232 2108 etc.
280 2075 360 2108 Mss.
392 2074 498 2106 nostri
530 2075 669 2106 habent:
713 2074 895 2106 »nocente
929 2073 961 2106 in
993 2083 1109 2106 monte
1142 2073 1307 2114 Domino,

168 2131 328 2177 discipuli
354 2140 515 2163 venerunt
546 2130 586 2162 ad
613 2143 689 2161 eum
714 2130 799 2162 sicut
831 2131 973 2170 alacres,
1005 2130 1092 2163 sicut
1118 2131 1307 2170 domestici,

166 2190 253 2222 sicut
288 2187 454 2235 proximi,
485 2186 571 2219 sicut
601 2185 700 2218 amici
728 2186 941 2220 vel.fratres.
991 2188 1073 2220 Ideo
1099 2187 1145 2219 ait
1178 2196 1210 2219 et
1233 2187 1306 2219 Do-

168 2247 277 2278 minus
303 2246 344 2277 ad
370 2257 473 2276 eoszu
506 2244 623 2275 »„Vos
643 2242 720 2275 estis
745 2242 791 2275 sal
819 2253 990 2275 tei-ruem«
1019 2244 1157 2288 (Matth.
1172 2244 1212 2285 V,
1235 2243 1303 2289 13.)

171 2312 266 2335 »etz«
306 2317 321 2331 υ
335 2314 413 2334 »vos
439 2299 516 2332 estis
544 2300 598 2332 lux
625 2299 802 2332 muudi.««
831 2299 967 2342 (Mattli.
994 2299 1033 2339 V,
1061 2299 1129 2345 1-1.)
1181 2301 1303 2333 »Nune
