1413 2482
192 104 257 141 142
528 105 642 140 Pri-m
665 105 839 140 Danaus
865 104 996 142 Hom-u

186 196 278 229 bitro
304 195 534 228 intercedente
561 195 740 229 dictabat«
789 195 994 242 Denique¹)
1026 196 1061 230 in
1086 197 1266 243 epistulam
1290 198 1332 231 ad

187 258 362 292 Hebraeos
389 257 642 291 commentaria
677 267 710 291 et
741 257 910 291 Homilias
945 257 1066 292 emisit.
1114 259 1332 295 Commenta-

185 321 316 354 riorum
342 318 536 362 fragmentis
564 318 596 351 in
615 320 787 364 Apologia
811 333 890 354 usus
917 330 965 354 est
989 320 1196 366 Pamphilus.
1234 321 1331 366 Quae

186 383 214 416 si
240 382 314 428 quis
341 395 379 415 ex
403 381 567 415 Homiliis
592 382 749 427 profecta
781 396 851 416 esse
878 382 979 426 velit3
1017 382 1101 416 sciat
1131 383 1209 425 ille,
1239 384 1333 418 nulla

187 458 225 478 ex
251 444 415 479 Homiliis
440 444 636 479 testimonia
659 444 880 491 Pamphilum
905 446 972 479 hoc
998 446 1115 492 Opere
1138 446 1331 492 protulisse.

186 508 224 540 ld
249 507 321 553 ipse
347 517 530 541 asseverat:
580 521 598 537 »
609 507 814 553 incipientes
839 508 942 552 igitur
966 508 1101 543 indiciis
1126 508 1332 555 scriptorum

184 584 325 605 suorum
352 571 551 612 ostendere,
576 570 660 616 quid
685 571 727 603 de
752 570 890 613 singulis
914 570 1075 614 senserit,
1101 584 1140 606 ex
1163 572 1214 606 his
1238 585 1334 619 prae·

185 635 285 681 cipue
318 633 413 668 libris
444 633 638 668 testimonia
671 633 968 677 congregabimus,
1001 647 1086 680 quos
1120 645 1332 670 accusatores

184 698 255 745 ejus
281 710 383 743 quam
407 696 552 730 maxime
577 697 810 740 criminantur,
835 698 871 731 id
895 707 965 739 est,
990 711 1076 744 quos
1101 712 1163 745 per
1185 699 1332 745 spatium

184 770 218 795 et
253 761 404 807 quietem
443 760 477 793 in
513 769 645 793 secreto
691 760 911 806 conscripsit;
946 761 1009 795 hos
1045 762 1136 796 enim
1180 773 1332 798 asserunt

182 824 328 858 maxime
353 837 371 857 a
396 822 653 869 praedicatione
680 824 1160 871 ecclesiastica'dIscrepa1·e.‹⁴
1204 825 1333 870 Quam-

182 887 232 922 vis
257 897 370 922 autem
394 886 563 921 Homilias
588 886 720 932 aliquot
743 900 806 932 per
831 887 959 928 otium,
990 885 1034 921 ¹ut
1057 887 1144 929 dixi,
1175 889 1332 923 lucubra-

182 950 287 991 verit,
325 951 358 984 in
395 958 527 983 secreto
563 958 680 982 tamen
716 950 928 996 conscriptae
964 950 1033 983 dici
1071 963 1141 984 non
1176 961 1331 997 possunt,

183 1026 268 1059 quae
292 1014 334 1047 ad
359 1013 395 1046 id
420 1013 740 1053 conscribebantur,
765 1022 803 1045 ut
828 1014 962 1058 populo
987 1013 1146 1047 universo
1171 1014 1331 1047 audiente

180 1076 413 1109 recitarentur.
461 1074 630 1109 Homilias
663 1085 776 1108 autem
802 1074 961 1117 Origenis
996 1075 1031 1108 in
1064 1076 1160 1110 illam
1193 1077 1235 1110 ad
1253 1077 1329 1110 He·

180 1139 300 1172 braeos
326 1138 508 1183 epistolam
532 1138 654 1181 allegat
678 1137 842 1170 Eusebius
867 1137 943 1170 libr.
969 1137 1027 1170 Vt.
1062 1137 1149 1172 Hist.
1175 1151 1249 1184 cap.
1273 1138 1328 1174 25.

263 1201 399 1234 ,Utrum
423 1201 682 1247 Apocalypseos
706 1200 864 1246 mysteria
889 1198 1075 1245 scriptione
1100 1200 1214 1246 aliqua
1239 1201 1329 1234 Ada-

180 1264 327 1297 mantius
346 1263 528 1309 aperuerit,
547 1263 711 1297 incertum
731 1273 800 1305 est3
826 1271 957 1296 constat
977 1262 1063 1296 illud
1081 1263 1199 1304 modo,
1216 1273 1328 1297 mente

182 1327 216 1360 id
243 1327 424 1360 destinasse
460 1326 588 1372 ipsum,
620 1340 697 1359 cum
723 1325 933 1358 Mattliaeuni
964 1325 1262 1370 interpretaretur,
1293 1325 1328 1359 in

181 1398 316 1422 senecta
350 1401 475 1433 nempe
515 1398 641 1430 aetate-3
684 1389 843 1421 Tractatu
882 1387 1010 1432 quippe
1046 1386 1100 1422 30.
1138 1388 1171 1421 in
1204 1388 1326 1421 Matth.

181 1465 274 1485 num.
300 1451 353 1486 49.
380 1452 533 1484 futurum
559 1451 762 1500 pollicetur,
794 1460 832 1483 ut
855 1450 896 1482 ad
923 1449 1002 1482 libri
1026 1449 1125 1497 hujus
1150 1450 1328 1484 enodatio-

180 1528 259 1548 nem
283 1514 434 1548 animum
459 1513 642 1559 aliquando
668 1513 829 1559 appellat.
879 1511 984 1556 Quod
1022 1512 1049 1546 si
1080 1526 1177 1559 spem
1200 1512 1327 1547 fefellit

180 1587 340 1618 eventus,
375 1577 555 1611 consilium
581 1586 693 1610 morte
718 1585 911 1622 peremtum
943 1575 1158 1612 crediderim.
1206 1575 1327 1610 Tradit

181 1649 272 1673 certe
297 1639 510 1684 Epiphanius
535 1640 672 1673 Haeres.
687 1639 740 1674 64.
767 1652 840 1684 cap.
856 1638 900 1679 3.,
924 1647 962 1672 ut
986 1651 1087 1684 supra
1112 1638 1240 1672 dictum
1265 1648 1325 1679 est,

178 1702 399 1748 propositum
423 1701 526 1735 fuisse
552 1701 918 1747 OrigeniScripturam
943 1702 1135 1736 universam
1161 1714 1324 1737 enarrare.

279 1859 309 1904 ¹)
333 1860 576 1902 Fragmentum
611 1861 766 1903 Origenis
801 1860 834 1892 in
868 1860 964 1905 epist.
1000 1861 1041 1893 ad
1072 1859 1323 1901 Philemonem,

181 1905 276 1950 quod
303 1904 475 1951 hucusque
509 1920 547 1939 ex
573 1906 649 1939 libr.
675 1907 731 1940 JV.
758 1908 841 1951 περὶ
867 1906 991 1950 ἀρχῶν
1023 1907 1221 1950 decerptum
1247 1918 1324 1950 per-

177 1963 295 1994 peram
322 1952 489 1984 creditum
514 1961 580 1992 est,
606 1952 742 1985 exhibet
768 1951 868 1984 etiam
894 1951 1064 1996 Apologia
1089 1950 1260 1996 Pamphili
1284 1964 1322 1985 ex

179 1996 260 2030 Mas.
288 1995 400 2030 Codd.
426 1998 627 2032 auctoritate
651 1997 814 2031 restituta.
863 1996 904 2029 R.
