1413 2482
166 75 208 109 72
495 79 607 112 Parui
632 81 806 113 DAMELIS
832 81 962 114 ΗυΕΤιι

170 174 280 199 tutum
305 167 359 211 sit,
387 169 578 214 exponitur.
627 170 719 202 XVI.
745 171 841 202 Nova
873 170 906 202 in
941 168 1193 211 Origenismum
1219 168 1306 200 sacta

174 227 246 260 odii
283 230 454 271 accessio;
485 231 596 266 XVII.
629 244 715 276 quae
756 230 1003 275 prodeuntibus
1035 230 1177 263 subinde
1215 228 1308 261 annis

174 290 338 334 paulatim
364 292 544 324 obsolevit.
593 293 746 325 Insensos
777 293 839 325 sibi
873 303 984 325 tamen
1010 291 1193 325 nonnullos
1217 291 1310 324 iden-

173 351 280 384 tidem
304 353 468 395 Origenes
493 363 608 386 nactus
642 363 708 394 θείς
740 354 868 386 XVIII.
895 354 1087 388 Graeculos
1111 352 1306 397 praecipue:

175 425 192 444 a
216 413 342 447 Latinis
374 429 454 448 vero
487 416 662 458 benignius
695 426 853 461 exceptus
885 426 945 449 est.
1001 416 1096 449 XIX.
1124 414 1310 449 Oraculum

175 473 335 509 divinitus
361 477 490 510 editum
517 478 553 511 S.
579 478 759 511 Mechtildi
784 479 825 510 de
851 477 957 510 salute
983 475 1152 520 Origenis,
1178 474 1310 509 Gnido-

173 535 225 568 nis
249 547 283 569 et
307 538 459 572 Platinae
485 541 526 573 de
552 540 699 583 Origene
732 540 907 585 judicium.
956 538 1063 583 Hujus
1087 551 1237 571 caussam
1260 547 1312 570 tu·

175 607 274 630 entur
295 600 444 634 Joannes
468 602 588 642 Picus,
618 611 651 634 et
681 602 829 634 Joannes
861 601 1057 634 Nauclerus.
1113 600 1222 633 Favet
1248 598 1312 644 ipsi

179 673 317 705 quoque
335 663 483 696 Joannes
508 663 730 706 Trithemius,
757 663 815 695 sed
842 662 924 694 citra
949 674 1103 694 errorum
1127 661 1231 706 ipsius
1255 661 1313 693 de-

176 722 379 758 fensionem.
427 725 504 758 XX.
532 726 664 758 Primus
697 723 853 767 Origenis
879 737 984 769 opera
1006 723 1124 768 praelo
1157 722 1314 756 commit-

179 783 220 816 tit
242 785 391 820 ,Iacobus
416 788 593 827 Merlinus,
619 796 651 819 et
676 800 739 832 pro
767 800 806 819 eo
837 785 1040 831 Apologiam
1065 784 1200 826 scribit;
1224 785 1315 817 unde

178 847 322 880 Mass-mei
359 859 392 882 et
423 850 538 883 Bedae
572 849 729 882 convitiis
758 849 941 893 appetitur.
987 847 1085 880 XXI.
1116 847 1315 880 Defendunt

179 909 363 952 Origenem
389 911 557 952 Erasmus,
581 911 769 950 Ferrarius,
794 910 906 943 Sixtus
932 907 1101 947 Senensis,
1126 908 1316 941 Genebrar-

178 971 252 1012 dus,
276 982 309 1005 et
333 973 528 1007 Halloxius:
561 974 708 1006 eundem
733 973 933 1017 impugnant
959 969 1143 1008 Baronius.
1182 979 1214 1001 et
1237 968 1316 1001 Bel-

177 1033 351 1076 lanuinus,
375 1036 560 1078 Luthcrus,
591 1045 625 1068 et
648 1035 752 1068 Beza:
789 1035 917 1067 incerta
947 1031 1093 1067 Sculteti
1122 1030 1229 1063 ratio:
1262 1043 1316 1063 ae—

179 1096 316 1140 quiores
341 1097 374 1130 in
401 1111 479 1131 eum
502 1111 537 1131 se
561 1106 682 1140 gerunt
705 1097 938 1141 Espencaeus,
962 1092 1185 1134 Possevinus‚
1217 1091 1317 1125 Gret·

577 1172 669 1193 serus
679 1183 688 1199 ,
712 1167 745 1190 et
769 1157 922 1190 Binetus.

269 1255 295 1287 Ι.
343 1254 546 1300 Superiores
568 1255 695 1294 turbas,
720 1253 814 1286 velut
839 1253 881 1285 de
907 1260 1108 1296 compacte,
1130 1250 1318 1283 multorum

178 1329 344 1349 annorum
369 1316 524 1350 induciae
549 1325 750 1349 consecutae
774 1325 863 1355 sunt,
886 1314 1102 1356 Origenismo
1127 1312 1318 1345 faventibus

179 1378 319 1422 quidem
344 1378 472 1419 multis,
497 1377 654 1422 pluribus
679 1377 780 1410 etiam
803 1374 1068 1416 adversantibus,
1093 1375 1154 1407 sed
1164 1374 1316 1419 utrisque

181 1439 234 1471 vel
258 1439 494 1484 prementibus
517 1439 731 1479 sententiam,
755 1439 811 1471 vel
836 1438 919 1471 citra
944 1436 1149 1470 discordiam
1165 1436 1318 1482 aperien-

178 1501 287 1534 tibus:
313 1502 426 1547 quoad
451 1515 468 1535 e
492 1501 704 1535 Palaestinae
735 1500 948 1533 monasteriis
980 1512 1228 1534 nova.rursum
1253 1499 1320 1531 ‹lis-

180 1563 345 1597 sensionis
369 1565 505 1597 flamma
529 1575 722 1607 erumpens,
746 1562 928 1595 maximum
956 1561 989 1594 in
1017 1559 1159 1594 ecclesia
1183 1560 1319 1605 peperit

179 1625 387 1660 incendium.
435 1627 522 1659 Nam
547 1638 624 1658 cum
650 1638 688 1658 ex
713 1625 834 1657 erectis
858 1637 876 1656 a
895 1624 934 1664 ,S.
952 1624 1041 1658 Saba
1064 1622 1234 1656 asceteriis
1257 1635 1320 1667 per

180 1688 273 1720 nefas
299 1687 456 1721 exiissent
479 1681 638 1720 monachi
664 1687 802 1731 quidam
826 1685 1040 1730 perduelles,
1064 1694 1099 1717 et
1121 1685 1164 1717 ad
1188 1693 1320 1716 torren-

178 1758 250 1782 tem
275 1749 454 1782 Thecoum
483 1750 517 1783 in
549 1749 738 1783 Palaestina
769 1760 892 1781 novam
916 1749 1059 1780 Lauram
1085 1745 1321 1780 exstruxissent

181 1811 317 1844 circiter
342 1824 468 1844 annum
494 1812 620 1845 Christi
644 1811 734 1851 517„
757 1809 997 1844 reconciliatus
1023 1821 1100 1841 cum
1123 1807 1193 1840 illis
1216 1807 1320 1840 Sabas

181 1874 360 1906 decoratae
385 1887 403 1906 a
433 1886 467 1906 se
501 1883 534 1906 et
567 1873 792 1918 amplificatae
823 1871 977 1916 ipsorum
1001 1871 1129 1909 Laurae
1151 1870 1319 1902 Joanncm

182 1936 351 1980 quendam
377 1936 551 1980 praefecit.
606 1934 733 1968 Scribit
767 1933 961 1979 Cyrillus')
994 1931 1194 1971 monachus,
1228 1929 1320 1962 testis

182 1998 356 2043 locuples,
387 2007 425 2029 ut
459 1996 591 2041 quibis
625 1997 708 2028 locis
740 2005 773 2027 et
804 1995 1017 2039 temporibus
1050 1993 1185 2032 vixerit,
1216 1992 1321 2025 morti

182 2061 374 2105 proximum
399 2059 566 2092 Joannem
592 2057 787 2103 hujusmodi
808 2056 1004 2089 vaticinium
1021 2055 1184 2087 edidisse:
1213 2053 1320 2086 »Ecce

181 2118 320 2156 veniunt
344 2121 432 2161 dies,
464 2120 498 2153 in
531 2119 653 2165 quibus
686 2119 744 2163 qui
777 2127 991 2163 praesentem
1019 2117 1132 2149 locum
1160 2107 1321 2152 habitant,

280 2276 311 2318 ¹)
338 2274 409 2308 Csr.
435 2270 553 2318 Cyrill.
578 2271 611 2304 iu
637 2271 704 2304 vita
729 2272 764 2305 S.
789 2272 897 2304 Sabae
923 2283 994 2315 cap.
1023 2269 1076 2304 49.
1103 2278 1135 2302 ct
1160 2269 1212 2303 50.
