1413 2482
161 91 226 126 172
495 93 607 126 Pmm
635 93 803 126 Damnatis
829 93 959 127 Ηυετιῐ

161 181 263 214 caliae
295 182 441 226 septimo
468 182 611 215 Basilius
647 192 678 214 et
710 182 896 225 Gregorius
927 182 1122 225 Theologus
1153 183 1292 217 insulse-

160 253 248 276 runt.
292 245 328 276 ln
356 243 517 285 Catalogo
545 243 709 276 librorum
734 243 951 277 illustrissimi
977 244 1138 289 principis
1163 244 1293 277 domiui

158 304 280 337 Jacobi
306 305 544 345 Marmoretae,
569 319 677 350 quem.
694 305 781 338 inter
807 306 1032 350 Antiquitatcs
1057 306 1294 339 Constantino-

158 365 326 410 politanas
357 367 597 411 supplemento
634 367 863 401 bibliothecae
896 367 1121 401 Gesneriauae
1155 367 1293 400 inseruit

158 427 326 460 Antonius
358 429 557 468 Verderius,
596 439 884 462 commemoratur
917 429 1072 471 Origenis
1102 429 1292 474 Explicatio

157 489 191 521 in
219 491 300 522 Acta
329 491 598 534 Apostolorum,
630 500 662 522 et
693 490 727 524 in
761 491 920 536 epistolas
947 491 1064 531 Pauli,
1097 491 1138 524 de
1173 490 1293 536 quibua

156 564 244 584 nunc
268 564 329 584 suo
356 552 473 584 ordine
499 553 664 594 agendum
691 562 748 586 est.

245 614 320 646 XV.
345 614 486 647 Rufinus
501 615 653 647 Heraclii
678 614 827 658 impulsu
853 613 1017 658 viginti¹)
1043 614 1173 647 Tomos
1190 613 1294 646 Com-

156 677 399 708 mentariorum
426 676 583 718 Origenis
613 676 646 708 in
680 675 859 721 epistolam
891 676 933 708 ad
966 676 1139 709 Romanos
1172 675 1294 708 latinae

157 736 291 778 linguae
323 738 500 771 donandos
531 737 696 782 suscepit:
738 738 797 770 sed
834 750 898 782 qua
929 737 1020 771 fide?
1067 738 1134 772 Sua
1158 749 1293 782 nempe,

157 799 222 832 hoc
248 809 312 840 est,
338 799 500 844 pessima:
532 813 610 832 nam
636 809 747 832 totum
762 812 859 845 ‘opus
884 800 949 848 jam
974 800 1236 844 interpolatum,
1261 807 1294 831 et

156 861 288 906 aliquot
312 861 543 894 voluminibus
569 862 780 894 decurtatum
812 863 854 894 ad
879 862 1025 894 mediam
1057 862 1128 894 fere
1161 870 1292 906 partem

155 936 226 955 sese
259 924 461 957 contraxisse
492 924 674 968 profitetur
707 923 739 956 in
772 924 986 957 praelatione
1017 924 1058 956 ad
1084 923 1291 956 Heraclium.

156 985 317 1031 lnjuriam
335 985 475 1028 Origeni
492 985 619 1018 illatam
639 983 773 1018 facilius
797 986 1039 1030 deprehendes,
1061 985 1089 1018 si
1106 986 1290 1028 fragmenta

156 1047 322 1090 quaedam
348 1046 592 1080 lucubrationis
618 1047 715 1094 hujus
740 1048 862 1079 inserta
878 1047 1088 1080 Pliilocaliae
1105 1060 1181 1079 cum
1197 1047 1291 1080 Rufi-

155 1107 254 1140 niana
279 1109 499 1141 conversione
520 1109 693 1151 confligas.
730 1109 900 1141 Adversus
924 1108 1008 1142 hanc
1033 1109 1206 1142 audaciam
1222 1122 1292 1142 me-

155 1169 221 1202 rito
254 1170 412 1202 Erasmus
445 1172 674 1211 excandescit,
717 1180 750 1203 et
784 1170 870 1203 salso
901 1171 1048 1204 affictam
1081 1171 1291 1216 Hieronymo

156 1232 277 1276 operis*
305 1232 402 1277 hujus
439 1233 754 1278 interpretationem
794 1233 918 1266 Rufino
955 1233 1112 1267 restituit.
1174 1233 1289 1278 Cur²)

253 1368 283 1412 ¹)
310 1367 531 1401 Cassiodorus
564 1368 701 1412 quidem
734 1368 798 1407 ait,
836 1368 1016 1410 Origencm
1051 1367 1084 1399 in
1118 1367 1213 1411 epist.
1246 1368 1289 1400 ad

153 1414 327 1446 Romanos
352 1413 470 1454 viginti
495 1414 624 1446 'lomos
651 1414 856 1454 elaborasse;
881 1423 915 1445 at
931 1413 1070 1446 Rufinus
1095 1413 1288 1457 quindecim

152 1468 284 1491 tantum
314 1468 503 1498 enumerat,
543 1469 576 1492 ct
610 1473 627 1491 e
652 1459 775 1491 nostris
798 1459 877 1491 Mss
912 1459 996 1491 alius
1027 1458 1128 1491 habet
1159 1459 1288 1499 decem,

152 1504 236 1536 alius
261 1503 454 1538 duodecim.
503 1505 541 1537 R.

246 1561 280 1605 ²)
306 1561 385 1593 Non
409 1561 514 1592 modo
540 1573 617 1592 non
642 1558 756 1606 hujus,
788 1560 846 1592 sed
878 1573 940 1592 nec
965 1559 1066 1592 ullius
1090 1559 1289 1604 interpreta-

151 1605 253 1637 tionis
278 1606 381 1637 fronti
414 1619 538 1638 nomen
570 1619 666 1638 suum
699 1606 853 1650 plaefixit
877 1605 1028 1638 Rufinus.
1078 1603 1183 1648 Quod
1215 1605 1288 1650 qui-

154 1651 231 1682 dem
263 1651 340 1683 satis
371 1661 464 1695 patet
495 1661 592 1686 tum
601 1664 639 1684 ex
671 1651 850 1684 Gennadio
882 1649 1104 1689 Massiliensi,
1139 1659 1178 1682 ut
1208 1664 1287 1703 mox

154 1695 321 1734 dicemus,
354 1705 424 1728 tuin
452 1710 489 1729 ex
515 1696 737 1729 peroratione
769 1697 803 1729 in
835 1697 919 1728 hanc
949 1697 990 1728 ad
1016 1695 1190 1729 Romanos
1214 1696 1286 1740 epi-

152 1745 286 1778 stolam,
312 1741 370 1772 ubi
395 1742 442 1773 ait
466 1742 537 1785 ipse
568 1743 707 1774 Rufinus
731 1755 764 1774 se
789 1742 1038 1775 satisfacturum
1069 1741 1184 1774 amicis
1208 1742 1286 1782 suis,

152 1796 184 1818 et
209 1786 310 1818 titulo
345 1786 509 1818 libiorum
542 1787 646 1819 sancti
673 1787 876 1826 Clementis,
909 1799 1055 1830 quorum
1086 1787 1286 1831 interpreta-

151 1834 279 1863 tionem
303 1831 539 1871 meditabatur,
564 1846 687 1864 nomen
713 1847 811 1865 suum
838 1846 871 1864 se
897 1833 1062 1863 daturum.
1111 1832 1286 1883 Numquid

152 1877 229 1909 inde
257 1876 540 1916 concludendum,
566 1877 654 1920 justa
674 1878 789 1909 Huetii
806 1877 1016 1915 sententiam,
1042 1889 1158 1908 omnes
1183 1877 1285 1909 inter-

151 1922 358 1967 pretationes
382 1935 455 1953 suas
482 1923 513 1953 in
539 1923 783 1968 111e1.›n)mum
817 1923 996 1953 refundere
1021 1921 1166 1953 voluisse
1191 1922 1286 1954 Rusi—

151 1967 257 2000 num?
293 1967 361 1999 Sed
386 1967 467 2010 quid
493 1968 692 2001 absurdius?
732 1967 818 2010 Quis
844 1967 931 1998 enim
957 1975 1075 1998 auctor
1098 1979 1284 2018 anon>mus

153 2012 279 2046 fiaudis
305 2011 455 2056 ejusdem
480 2012 664 2044 insimulari
697 2026 764 2044 non
791 2012 942 2056 poterit?
990 2013 1062 2043 lino
1089 2012 1170 2055 quid
1196 2022 1285 2045 veta-

153 2059 220 2098 bit,
253 2070 433 2107 quominus
467 2057 556 2089 idun
590 2059 722 2089 dicatur
747 2058 787 2089 d‹
816 2056 1051 2101 Hieronymo?
1098 2058 1167 2089 Nec
1195 2058 1283 2090 enim

151 2104 223 2148 ipse
249 2102 403 2144 Origenis
430 2115 532 2146 opera
558 2115 573 2133 a
599 2115 633 2134 se
659 2104 815 2134 translata
839 2114 900 2133 suo
926 2102 1062 2133 nomine
1084 2102 1242 2143 signavit,
1256 2103 1284 2135 si

153 2149 302 2200 quidem,
327 2157 409 2180 teste
435 2148 623 2186 Gennadio,
649 2148 834 2191 pioocnniis
859 2157 988 2179 tantum
1014 2147 1283 2188 dignoscebatur,

153 2194 235 2238 quid
259 2207 277 2226 a
301 2193 437 2234 Rufino,
464 2193 544 2238 quid
570 2194 610 2225 ab
635 2193 845 2238 Hierony-10
872 2192 989 2224 suisset
1014 2195 1281 2237 interpretatum.

156 2240 408 2282 »Quaecunque
441 2252 519 2283 prat
524 2252 628 2271 missis
654 2238 779 2280 Prgolo
772 2253 808 2270 ι5
834 2252 850 2270 a
877 2237 1001 2270 Latinis
1028 2238 1200 2280 leguntur,
1234 2239 1283 2270 in-

152 2285 224 2328 quit
249 2284 444 2317 Gennadius-
473 2285 620 2325 Catalog
649 2284 748 2317 xiior
762 2265 865 2316 Dillust
870 2297 894 2316 r.
922 2297 993 2327 cap.
1024 2284 1072 2318 l&-
1083 2309 1091 2322 ‚
1115 2296 1132 2315 a
1157 2283 1279 2316 Rufino
