<?xml version="1.0" encoding="UTF-8"?>
<!DOCTYPE html PUBLIC "-//W3C//DTD XHTML 1.0 Transitional//EN"
    "http://www.w3.org/TR/xhtml1/DTD/xhtml1-transitional.dtd">
<html xmlns="http://www.w3.org/1999/xhtml" xml:lang="en" lang="en">
 <head>
  <title>
</title>
<meta http-equiv="Content-Type" content="text/html;charset=utf-8" />
  <meta name='ocr-system' content='tesseract 3.04.00' />
  <meta name='ocr-capabilities' content='ocr_page ocr_carea ocr_par ocr_line ocrx_word'/>
</head>
<body>
  <div class='ocr_page' id='page_1' title='image "./operaomniaquaegr24orig/operaomniaquaegr24orig_0256.png"; bbox 0 0 1413 2482; ppageno 0'>
   <div class='ocr_carea' id='block_1_1' title="bbox 200 94 994 129">
    <p class='ocr_par' dir='ltr' id='par_1_1' title="bbox 200 94 994 129">
     <span class='ocr_line' id='line_1_1' title="bbox 200 94 994 129; baseline -0.001 -1"><span class='ocrx_word' id='word_1_1' title='bbox 200 94 267 129; x_wconf 67' lang='lat'><strong>242</strong></span> <span class='ocrx_word' id='word_1_2' title='bbox 524 94 638 127; x_wconf 66' lang='lat' dir='ltr'><strong>Pam</strong></span> <span class='ocrx_word' id='word_1_3' title='bbox 662 95 837 128; x_wconf 67' lang='lat' dir='ltr'><strong>DANu-:us</strong></span> <span class='ocrx_word' id='word_1_4' title='bbox 863 94 994 127; x_wconf 73' lang='grc' dir='ltr'>Ηυετιι</span> 
     </span>
    </p>
   </div>
   <div class='ocr_carea' id='block_1_2' title="bbox 190 183 1351 2271">
    <p class='ocr_par' dir='ltr' id='par_1_2' title="bbox 205 183 1349 477">
     <span class='ocr_line' id='line_1_2' title="bbox 205 183 1348 231; baseline 0 -13"><span class='ocrx_word' id='word_1_5' title='bbox 205 184 320 218; x_wconf 82' lang='lat' dir='ltr'><strong>scribit</strong></span> <span class='ocrx_word' id='word_1_6' title='bbox 347 184 495 218; x_wconf 77' lang='lat' dir='ltr'>Tractat.</span> <span class='ocrx_word' id='word_1_7' title='bbox 519 183 574 220; x_wconf 88' lang='lat'><strong>30.</strong></span> <span class='ocrx_word' id='word_1_8' title='bbox 600 197 692 218; x_wconf 88' lang='lat' dir='ltr'><strong>num.</strong></span> <span class='ocrx_word' id='word_1_9' title='bbox 716 184 772 220; x_wconf 82' lang='lat'><strong>49.</strong></span> <span class='ocrx_word' id='word_1_10' title='bbox 811 184 1032 230; x_wconf 84' lang='lat' dir='ltr'><strong>»Exponetur</strong></span> <span class='ocrx_word' id='word_1_11' title='bbox 1054 194 1167 220; x_wconf 84' lang='lat' dir='ltr'><strong>autem</strong></span> <span class='ocrx_word' id='word_1_12' title='bbox 1192 195 1348 231; x_wconf 83' lang='lat' dir='ltr'><strong>tempore</strong></span> 
     </span>
     <span class='ocr_line' id='line_1_3' title="bbox 205 246 1349 292; baseline 0 -13"><span class='ocrx_word' id='word_1_13' title='bbox 205 260 267 280; x_wconf 88' lang='lat' dir='ltr'><strong>suo</strong></span> <span class='ocrx_word' id='word_1_14' title='bbox 293 246 326 279; x_wconf 90' lang='lat' dir='ltr'><strong>in</strong></span> <span class='ocrx_word' id='word_1_15' title='bbox 354 246 576 279; x_wconf 82' lang='lat' dir='ltr'><strong>Revelatione</strong></span> <span class='ocrx_word' id='word_1_16' title='bbox 599 247 787 280; x_wconf 77' lang='lat' dir='ltr'><strong>Joannis2«</strong></span> <span class='ocrx_word' id='word_1_17' title='bbox 816 256 849 279; x_wconf 85' lang='lat' dir='ltr'><strong>et</strong></span> <span class='ocrx_word' id='word_1_18' title='bbox 873 260 970 280; x_wconf 84' lang='lat' dir='ltr'><strong>mox:</strong></span> <span class='ocrx_word' id='word_1_19' title='bbox 1006 247 1094 281; x_wconf 72' lang='lat' dir='ltr'><strong>»Has</strong></span> <span class='ocrx_word' id='word_1_20' title='bbox 1117 256 1230 280; x_wconf 81' lang='lat' dir='ltr'><strong>autem</strong></span> <span class='ocrx_word' id='word_1_21' title='bbox 1254 246 1349 292; x_wconf 85' lang='lat' dir='ltr'><strong>prin-</strong></span> 
     </span>
     <span class='ocr_line' id='line_1_4' title="bbox 207 307 1346 354; baseline -0.001 -13"><span class='ocrx_word' id='word_1_22' title='bbox 207 308 332 353; x_wconf 83' lang='lat' dir='ltr'><strong>cipales</strong></span> <span class='ocrx_word' id='word_1_23' title='bbox 358 307 588 352; x_wconf 69' lang='lat' dir='ltr'>expositiones</span> <span class='ocrx_word' id='word_1_24' title='bbox 614 318 714 353; x_wconf 84' lang='lat' dir='ltr'><strong>atque</strong></span> <span class='ocrx_word' id='word_1_25' title='bbox 739 308 960 354; x_wconf 78' lang='lat' dir='ltr'>probationes</span> <span class='ocrx_word' id='word_1_26' title='bbox 985 318 1124 354; x_wconf 82' lang='lat' dir='ltr'><strong>oportet</strong></span> <span class='ocrx_word' id='word_1_27' title='bbox 1146 308 1237 349; x_wconf 78' lang='lat' dir='ltr'><strong>fieri,</strong></span> <span class='ocrx_word' id='word_1_28' title='bbox 1270 320 1346 341; x_wconf 88' lang='lat' dir='ltr'><strong>cum</strong></span> 
     </span>
     <span class='ocr_line' id='line_1_5' title="bbox 206 370 1347 416; baseline -0.001 -12"><span class='ocrx_word' id='word_1_29' title='bbox 206 371 277 415; x_wconf 83' lang='lat' dir='ltr'><strong>ipsc</strong></span> <span class='ocrx_word' id='word_1_30' title='bbox 302 370 390 402; x_wconf 86' lang='lat' dir='ltr'><strong>liber</strong></span> <span class='ocrx_word' id='word_1_31' title='bbox 415 370 721 416; x_wconf 79' lang='lat' dir='ltr'><strong>(Apocalypseos)</strong></span> <span class='ocrx_word' id='word_1_32' title='bbox 746 371 944 416; x_wconf 86' lang='lat' dir='ltr'><strong>propositus</strong></span> <span class='ocrx_word' id='word_1_33' title='bbox 976 371 1079 404; x_wconf 82' lang='lat' dir='ltr'><strong>fuerit</strong></span> <span class='ocrx_word' id='word_1_34' title='bbox 1103 371 1203 404; x_wconf 81' lang='lat' dir='ltr'><strong>nobis</strong></span> <span class='ocrx_word' id='word_1_35' title='bbox 1226 371 1268 403; x_wconf 89' lang='lat' dir='ltr'><strong>ad</strong></span> <span class='ocrx_word' id='word_1_36' title='bbox 1293 382 1347 403; x_wconf 83' lang='lat' dir='ltr'><strong>ex·</strong></span> 
     </span>
     <span class='ocr_line' id='line_1_6' title="bbox 205 432 442 477; baseline 0 -12"><span class='ocrx_word' id='word_1_37' title='bbox 205 432 442 477; x_wconf 77' lang='lat' dir='ltr'><strong>ponendum.·‹</strong></span> 
     </span>
    </p>

    <p class='ocr_par' dir='ltr' id='par_1_3' title="bbox 190 493 1351 2271">
     <span class='ocr_line' id='line_1_7' title="bbox 296 493 1348 537; baseline -0.002 -9"><span class='ocrx_word' id='word_1_38' title='bbox 296 494 353 528; x_wconf 83' lang='lat' dir='ltr'><strong>IV.</strong></span> <span class='ocrx_word' id='word_1_39' title='bbox 391 493 550 527; x_wconf 88' lang='lat' dir='ltr'><strong>Ceterum</strong></span> <span class='ocrx_word' id='word_1_40' title='bbox 577 507 695 536; x_wconf 80' lang='lat' dir='ltr'><strong>magna</strong></span> <span class='ocrx_word' id='word_1_41' title='bbox 719 494 753 527; x_wconf 92' lang='lat' dir='ltr'><strong>in</strong></span> <span class='ocrx_word' id='word_1_42' title='bbox 779 494 1022 536; x_wconf 72' lang='lat' dir='ltr'>distinguendis</span> <span class='ocrx_word' id='word_1_43' title='bbox 1047 494 1205 537; x_wconf 82' lang='lat' dir='ltr'><strong>Origenis</strong></span> <span class='ocrx_word' id='word_1_44' title='bbox 1227 493 1348 527; x_wconf 83' lang='lat' dir='ltr'><strong>Homi-</strong></span> 
     </span>
     <span class='ocr_line' id='line_1_8' title="bbox 206 555 1349 601; baseline -0.002 -12"><span class='ocrx_word' id='word_1_45' title='bbox 206 556 260 589; x_wconf 86' lang='lat' dir='ltr'><strong>liis</strong></span> <span class='ocrx_word' id='word_1_46' title='bbox 290 555 480 588; x_wconf 82' lang='lat' dir='ltr'><strong>adhibenda</strong></span> <span class='ocrx_word' id='word_1_47' title='bbox 513 555 713 601; x_wconf 82' lang='lat' dir='ltr'><strong>dijudicatio</strong></span> <span class='ocrx_word' id='word_1_48' title='bbox 746 565 813 597; x_wconf 79' lang='lat' dir='ltr'><strong>est3</strong></span> <span class='ocrx_word' id='word_1_49' title='bbox 845 556 923 597; x_wconf 76' lang='lat' dir='ltr'><strong>alias</strong></span> <span class='ocrx_word' id='word_1_50' title='bbox 955 556 1044 589; x_wconf 86' lang='lat' dir='ltr'><strong>enim</strong></span> <span class='ocrx_word' id='word_1_51' title='bbox 1076 556 1237 589; x_wconf 87' lang='lat' dir='ltr'><strong>meditate</strong></span> <span class='ocrx_word' id='word_1_52' title='bbox 1268 567 1349 588; x_wconf 89' lang='lat' dir='ltr'><strong>con-</strong></span> 
     </span>
     <span class='ocr_line' id='line_1_9' title="bbox 204 616 1347 663; baseline -0.002 -12"><span class='ocrx_word' id='word_1_53' title='bbox 204 619 344 663; x_wconf 81' lang='lat' dir='ltr'><strong>scriptas</strong></span> <span class='ocrx_word' id='word_1_54' title='bbox 371 617 496 658; x_wconf 81' lang='lat' dir='ltr'><strong>edidit,</strong></span> <span class='ocrx_word' id='word_1_55' title='bbox 524 617 604 651; x_wconf 84' lang='lat' dir='ltr'><strong>alias</strong></span> <span class='ocrx_word' id='word_1_56' title='bbox 631 631 669 650; x_wconf 81' lang='lat' dir='ltr'><strong>ex</strong></span> <span class='ocrx_word' id='word_1_57' title='bbox 696 628 851 663; x_wconf 85' lang='lat' dir='ltr'><strong>tempore</strong></span> <span class='ocrx_word' id='word_1_58' title='bbox 877 618 1040 652; x_wconf 83' lang='lat' dir='ltr'><strong>recitavit.</strong></span> <span class='ocrx_word' id='word_1_59' title='bbox 1088 619 1203 660; x_wconf 85' lang='lat' dir='ltr'><strong>Longe</strong></span> <span class='ocrx_word' id='word_1_60' title='bbox 1226 616 1347 656; x_wconf 77' lang='lat' dir='ltr'><strong>levior,</strong></span> 
     </span>
     <span class='ocr_line' id='line_1_10' title="bbox 204 678 1347 725; baseline -0.002 -12"><span class='ocrx_word' id='word_1_61' title='bbox 204 693 259 713; x_wconf 89' lang='lat' dir='ltr'><strong>me</strong></span> <span class='ocrx_word' id='word_1_62' title='bbox 284 679 416 725; x_wconf 75' lang='lat' dir='ltr'><strong>judice,</strong></span> <span class='ocrx_word' id='word_1_63' title='bbox 441 680 560 712; x_wconf 84' lang='lat' dir='ltr'><strong>harum</strong></span> <span class='ocrx_word' id='word_1_64' title='bbox 585 680 785 720; x_wconf 76' lang='lat' dir='ltr'><strong>auctoritas3</strong></span> <span class='ocrx_word' id='word_1_65' title='bbox 810 681 945 723; x_wconf 78' lang='lat' dir='ltr'><strong>&#39;gravior</strong></span> <span class='ocrx_word' id='word_1_66' title='bbox 967 680 1103 713; x_wconf 82' lang='lat' dir='ltr'><strong>illarum</strong></span> <span class='ocrx_word' id='word_1_67' title='bbox 1131 678 1347 713; x_wconf 76' lang='lat' dir='ltr'><strong>existimatio.</strong></span> 
     </span>
     <span class='ocr_line' id='line_1_11' title="bbox 207 741 1347 788; baseline 0 -14"><span class='ocrx_word' id='word_1_68' title='bbox 207 741 385 786; x_wconf 75' lang='lat' dir='ltr'><strong>Quidquid</strong></span> <span class='ocrx_word' id='word_1_69' title='bbox 412 742 696 786; x_wconf 82' lang='lat' dir='ltr'><strong>extemporalium</strong></span> <span class='ocrx_word' id='word_1_70' title='bbox 714 742 943 778; x_wconf 85' lang='lat' dir='ltr'><strong>Homiliarum</strong></span> <span class='ocrx_word' id='word_1_71' title='bbox 969 752 1134 788; x_wconf 85' lang='lat' dir='ltr'><strong>superest,</strong></span> <span class='ocrx_word' id='word_1_72' title='bbox 1157 750 1239 788; x_wconf 87' lang='lat' dir='ltr'><strong>post</strong></span> <span class='ocrx_word' id='word_1_73' title='bbox 1254 754 1347 774; x_wconf 81' lang='lat' dir='ltr'><strong>sexa-</strong></span> 
     </span>
     <span class='ocr_line' id='line_1_12' title="bbox 204 803 1347 849; baseline -0.001 -12"><span class='ocrx_word' id='word_1_74' title='bbox 204 804 367 845; x_wconf 86' lang='lat' dir='ltr'><strong>gesimum</strong></span> <span class='ocrx_word' id='word_1_75' title='bbox 392 803 508 836; x_wconf 81' lang='lat' dir='ltr'><strong>aetatis</strong></span> <span class='ocrx_word' id='word_1_76' title='bbox 535 817 612 836; x_wconf 86' lang='lat' dir='ltr'><strong>suae</strong></span> <span class='ocrx_word' id='word_1_77' title='bbox 637 817 760 837; x_wconf 79' lang='lat' dir='ltr'><strong>annum</strong></span> <span class='ocrx_word' id='word_1_78' title='bbox 781 804 1014 849; x_wconf 80' lang='lat' dir='ltr'><strong>pronuntiavit</strong></span> <span class='ocrx_word' id='word_1_79' title='bbox 1028 805 1211 847; x_wconf 85' lang='lat' dir='ltr'><strong>Origenes;</strong></span> <span class='ocrx_word' id='word_1_80' title='bbox 1235 813 1347 837; x_wconf 86' lang='lat' dir='ltr'><strong>actua-</strong></span> 
     </span>
     <span class='ocr_line' id='line_1_13' title="bbox 203 865 1346 912; baseline 0 -14"><span class='ocrx_word' id='word_1_81' title='bbox 203 865 243 898; x_wconf 85' lang='lat' dir='ltr'><strong>rii</strong></span> <span class='ocrx_word' id='word_1_82' title='bbox 271 879 308 898; x_wconf 86' lang='lat' dir='ltr'><strong>cx</strong></span> <span class='ocrx_word' id='word_1_83' title='bbox 333 866 479 897; x_wconf 79' lang='lat' dir='ltr'><strong>ambone</strong></span> <span class='ocrx_word' id='word_1_84' title='bbox 510 865 664 898; x_wconf 82' lang='lat' dir='ltr'><strong>recitatas</strong></span> <span class='ocrx_word' id='word_1_85' title='bbox 697 875 917 910; x_wconf 86' lang='lat' dir='ltr'><strong>exceperunt:</strong></span> <span class='ocrx_word' id='word_1_86' title='bbox 954 867 1046 912; x_wconf 89' lang='lat' dir='ltr'><strong>quod</strong></span> <span class='ocrx_word' id='word_1_87' title='bbox 1080 867 1241 899; x_wconf 76' lang='lat' dir='ltr'><strong>hactenus</strong></span> <span class='ocrx_word' id='word_1_88' title='bbox 1271 865 1346 898; x_wconf 84' lang='lat' dir='ltr'><strong>fieri</strong></span> 
     </span>
     <span class='ocr_line' id='line_1_14' title="bbox 205 927 1346 973; baseline 0 -13"><span class='ocrx_word' id='word_1_89' title='bbox 205 928 436 973; x_wconf 81' lang='lat' dir='ltr'><strong>prohibuerat.</strong></span> <span class='ocrx_word' id='word_1_90' title='bbox 480 927 572 960; x_wconf 80' lang='lat' dir='ltr'><strong>Alias</strong></span> <span class='ocrx_word' id='word_1_91' title='bbox 597 928 696 961; x_wconf 88' lang='lat' dir='ltr'><strong>variis</strong></span> <span class='ocrx_word' id='word_1_92' title='bbox 721 929 934 973; x_wconf 79' lang='lat' dir='ltr'><strong>temporibus</strong></span> <span class='ocrx_word' id='word_1_93' title='bbox 959 928 1138 962; x_wconf 83' lang='lat' dir='ltr'><strong>accuravit.</strong></span> <span class='ocrx_word' id='word_1_94' title='bbox 1186 928 1294 972; x_wconf 85' lang='lat' dir='ltr'><strong>Quod</strong></span> <span class='ocrx_word' id='word_1_95' title='bbox 1318 927 1346 960; x_wconf 85' lang='lat' dir='ltr'><strong>si</strong></span> 
     </span>
     <span class='ocr_line' id='line_1_15' title="bbox 203 987 1346 1035; baseline 0 -13"><span class='ocrx_word' id='word_1_96' title='bbox 203 990 284 1022; x_wconf 82' lang='lat' dir='ltr'><strong>haec</strong></span> <span class='ocrx_word' id='word_1_97' title='bbox 308 987 532 1033; x_wconf 78' lang='lat' dir='ltr'><strong>perspexisset</strong></span> <span class='ocrx_word' id='word_1_98' title='bbox 564 990 744 1035; x_wconf 84' lang='lat' dir='ltr'><strong>Erasmus,</strong></span> <span class='ocrx_word' id='word_1_99' title='bbox 778 991 917 1023; x_wconf 85' lang='lat' dir='ltr'><strong>minime</strong></span> <span class='ocrx_word' id='word_1_100' title='bbox 949 992 1108 1035; x_wconf 77' lang='lat' dir='ltr'><strong>profecto</strong></span> <span class='ocrx_word' id='word_1_101' title='bbox 1138 989 1174 1023; x_wconf 86' lang='lat' dir='ltr'><strong>id</strong></span> <span class='ocrx_word' id='word_1_102' title='bbox 1204 989 1271 1034; x_wconf 88' lang='lat' dir='ltr'><strong>ipsi</strong></span> <span class='ocrx_word' id='word_1_103' title='bbox 1303 989 1346 1022; x_wconf 88' lang='lat' dir='ltr'><strong>de</strong></span> 
     </span>
     <span class='ocr_line' id='line_1_16' title="bbox 206 1050 1346 1094; baseline 0 -10"><span class='ocrx_word' id='word_1_104' title='bbox 206 1051 367 1084; x_wconf 82' lang='lat' dir='ltr'><strong>Homiliis</strong></span> <span class='ocrx_word' id='word_1_105' title='bbox 393 1050 549 1093; x_wconf 78' lang='lat' dir='ltr'><strong>Origenis</strong></span> <span class='ocrx_word' id='word_1_106' title='bbox 573 1051 759 1093; x_wconf 75' lang='lat' dir='ltr'><strong>generatim</strong></span> <span class='ocrx_word' id='word_1_107' title='bbox 783 1052 893 1094; x_wconf 81' lang='lat' dir='ltr'><strong>agenti</strong></span> <span class='ocrx_word' id='word_1_108' title='bbox 918 1052 1111 1085; x_wconf 85' lang='lat' dir='ltr'><strong>excidisset:</strong></span> <span class='ocrx_word' id='word_1_109' title='bbox 1151 1069 1166 1083; x_wconf 73' lang='lat' dir='ltr'><strong>n</strong></span> <span class='ocrx_word' id='word_1_110' title='bbox 1176 1051 1241 1085; x_wconf 81' lang='lat' dir='ltr'><strong>Eas</strong></span> <span class='ocrx_word' id='word_1_111' title='bbox 1265 1064 1346 1084; x_wconf 90' lang='lat' dir='ltr'><strong>con-</strong></span> 
     </span>
     <span class='ocr_line' id='line_1_17' title="bbox 203 1112 1345 1158; baseline 0.001 -13"><span class='ocrx_word' id='word_1_112' title='bbox 203 1114 318 1145; x_wconf 87' lang='lat' dir='ltr'><strong>ciones</strong></span> <span class='ocrx_word' id='word_1_113' title='bbox 342 1125 409 1145; x_wconf 92' lang='lat' dir='ltr'><strong>non</strong></span> <span class='ocrx_word' id='word_1_114' title='bbox 436 1112 508 1157; x_wconf 89' lang='lat' dir='ltr'><strong>ipse</strong></span> <span class='ocrx_word' id='word_1_115' title='bbox 533 1113 683 1157; x_wconf 87' lang='lat' dir='ltr'><strong>scripsit,</strong></span> <span class='ocrx_word' id='word_1_116' title='bbox 714 1114 774 1146; x_wconf 90' lang='lat' dir='ltr'><strong>sed</strong></span> <span class='ocrx_word' id='word_1_117' title='bbox 799 1127 816 1146; x_wconf 78' lang='lat' dir='ltr'><strong>a</strong></span> <span class='ocrx_word' id='word_1_118' title='bbox 840 1113 982 1146; x_wconf 76' lang='lat' dir='ltr'><strong>notariis</strong></span> <span class='ocrx_word' id='word_1_119' title='bbox 1006 1113 1114 1158; x_wconf 79' lang='lat' dir='ltr'><strong>excipi</strong></span> <span class='ocrx_word' id='word_1_120' title='bbox 1139 1126 1254 1158; x_wconf 86' lang='lat' dir='ltr'><strong>passus</strong></span> <span class='ocrx_word' id='word_1_121' title='bbox 1279 1121 1345 1146; x_wconf 86' lang='lat' dir='ltr'><strong>est:</strong></span> 
     </span>
     <span class='ocr_line' id='line_1_18' title="bbox 204 1175 1345 1220; baseline 0 -13"><span class='ocrx_word' id='word_1_122' title='bbox 204 1175 297 1220; x_wconf 92' lang='lat' dir='ltr'><strong>quod</strong></span> <span class='ocrx_word' id='word_1_123' title='bbox 323 1184 434 1207; x_wconf 86' lang='lat' dir='ltr'><strong>tamen</strong></span> <span class='ocrx_word' id='word_1_124' title='bbox 465 1185 587 1217; x_wconf 76' lang='lat' dir='ltr'><strong>negant</strong></span> <span class='ocrx_word' id='word_1_125' title='bbox 618 1175 716 1207; x_wconf 86' lang='lat' dir='ltr'><strong>illum</strong></span> <span class='ocrx_word' id='word_1_126' title='bbox 749 1188 819 1208; x_wconf 90' lang='lat' dir='ltr'><strong>esse</strong></span> <span class='ocrx_word' id='word_1_127' title='bbox 851 1189 986 1220; x_wconf 90' lang='lat' dir='ltr'><strong>passum</strong></span> <span class='ocrx_word' id='word_1_128' title='bbox 1017 1185 1093 1209; x_wconf 78' lang='lat' dir='ltr'><strong>ante</strong></span> <span class='ocrx_word' id='word_1_129' title='bbox 1125 1188 1269 1215; x_wconf 80' lang='lat' dir='ltr'><strong>annum,</strong></span> <span class='ocrx_word' id='word_1_130' title='bbox 1306 1184 1345 1207; x_wconf 89' lang='lat' dir='ltr'><strong>ut</strong></span> 
     </span>
     <span class='ocr_line' id='line_1_19' title="bbox 203 1237 1351 1286; baseline -0.002 -15"><span class='ocrx_word' id='word_1_131' title='bbox 203 1247 279 1271; x_wconf 77' lang='lat' dir='ltr'><strong>ante</strong></span> <span class='ocrx_word' id='word_1_132' title='bbox 318 1238 446 1270; x_wconf 89' lang='lat' dir='ltr'><strong>dictum</strong></span> <span class='ocrx_word' id='word_1_133' title='bbox 479 1247 547 1277; x_wconf 86' lang='lat' dir='ltr'><strong>est,</strong></span> <span class='ocrx_word' id='word_1_134' title='bbox 583 1237 863 1280; x_wconf 72' lang='lat' dir='ltr'><strong>sexagesimum«</strong></span> <span class='ocrx_word' id='word_1_135' title='bbox 915 1237 1020 1282; x_wconf 84' lang='lat' dir='ltr'><strong>Quasi</strong></span> <span class='ocrx_word' id='word_1_136' title='bbox 1053 1238 1162 1271; x_wconf 84' lang='lat' dir='ltr'><strong>nullas</strong></span> <span class='ocrx_word' id='word_1_137' title='bbox 1198 1237 1351 1286; x_wconf 72' lang='lat' dir='ltr'><strong>cogitate¹</strong></span> 
     </span>
     <span class='ocr_line' id='line_1_20' title="bbox 204 1298 1342 1344; baseline 0 -12"><span class='ocrx_word' id='word_1_138' title='bbox 204 1298 444 1344; x_wconf 84' lang='lat' dir='ltr'><strong>conscripserit</strong></span> <span class='ocrx_word' id='word_1_139' title='bbox 476 1299 645 1332; x_wconf 85' lang='lat' dir='ltr'><strong>Homilias</strong></span> <span class='ocrx_word' id='word_1_140' title='bbox 670 1299 851 1342; x_wconf 84' lang='lat' dir='ltr'><strong>Origenes,</strong></span> <span class='ocrx_word' id='word_1_141' title='bbox 881 1301 940 1333; x_wconf 89' lang='lat' dir='ltr'><strong>sed</strong></span> <span class='ocrx_word' id='word_1_142' title='bbox 973 1313 1090 1333; x_wconf 89' lang='lat' dir='ltr'><strong>omnes</strong></span> <span class='ocrx_word' id='word_1_143' title='bbox 1121 1312 1159 1332; x_wconf 88' lang='lat' dir='ltr'><strong>ex</strong></span> <span class='ocrx_word' id='word_1_144' title='bbox 1185 1309 1342 1344; x_wconf 90' lang='lat' dir='ltr'><strong>tempore</strong></span> 
     </span>
     <span class='ocr_line' id='line_1_21' title="bbox 202 1361 1342 1407; baseline -0.001 -12"><span class='ocrx_word' id='word_1_145' title='bbox 202 1361 407 1407; x_wconf 73' lang='lat' dir='ltr'><strong>profuderit.</strong></span> <span class='ocrx_word' id='word_1_146' title='bbox 464 1361 641 1394; x_wconf 81' lang='lat' dir='ltr'><strong>&#39;Homiliae</strong></span> <span class='ocrx_word' id='word_1_147' title='bbox 684 1361 718 1394; x_wconf 90' lang='lat' dir='ltr'><strong>in</strong></span> <span class='ocrx_word' id='word_1_148' title='bbox 754 1362 894 1401; x_wconf 82' lang='lat' dir='ltr'><strong>Lucam,</strong></span> <span class='ocrx_word' id='word_1_149' title='bbox 931 1371 1015 1395; x_wconf 85' lang='lat' dir='ltr'><strong>teste</strong></span> <span class='ocrx_word' id='word_1_150' title='bbox 1055 1361 1267 1407; x_wconf 82' lang='lat' dir='ltr'><strong>Hieronymo</strong></span> <span class='ocrx_word' id='word_1_151' title='bbox 1308 1361 1342 1394; x_wconf 88' lang='lat' dir='ltr'><strong>in</strong></span> 
     </span>
     <span class='ocr_line' id='line_1_22' title="bbox 201 1422 1341 1472; baseline 0 -16"><span class='ocrx_word' id='word_1_152' title='bbox 201 1424 352 1466; x_wconf 86' lang='lat' dir='ltr'><strong>Prologo</strong></span> <span class='ocrx_word' id='word_1_153' title='bbox 387 1436 464 1455; x_wconf 83' lang='lat' dir='ltr'><strong>suae</strong></span> <span class='ocrx_word' id='word_1_154' title='bbox 495 1423 802 1472; x_wconf 71' lang='lat' dir='ltr'><strong>interpretationis,</strong></span> <span class='ocrx_word' id='word_1_155' title='bbox 833 1424 921 1456; x_wconf 76' lang='lat' dir='ltr'><strong>fetus</strong></span> <span class='ocrx_word' id='word_1_156' title='bbox 956 1433 1003 1456; x_wconf 84' lang='lat' dir='ltr'><strong>est</strong></span> <span class='ocrx_word' id='word_1_157' title='bbox 1034 1422 1191 1469; x_wconf 79' lang='lat' dir='ltr'><strong>juvenilis</strong></span> <span class='ocrx_word' id='word_1_158' title='bbox 1215 1424 1341 1463; x_wconf 81' lang='lat' dir='ltr'><strong>aetatis,</strong></span> 
     </span>
     <span class='ocr_line' id='line_1_23' title="bbox 201 1485 1338 1530; baseline 0 -12"><span class='ocrx_word' id='word_1_159' title='bbox 201 1495 234 1518; x_wconf 90' lang='lat' dir='ltr'><strong>et</strong></span> <span class='ocrx_word' id='word_1_160' title='bbox 258 1485 292 1518; x_wconf 87' lang='lat' dir='ltr'><strong>in</strong></span> <span class='ocrx_word' id='word_1_161' title='bbox 319 1485 390 1518; x_wconf 90' lang='lat' dir='ltr'><strong>otio</strong></span> <span class='ocrx_word' id='word_1_162' title='bbox 417 1485 556 1530; x_wconf 86' lang='lat' dir='ltr'><strong>quidem</strong></span> <span class='ocrx_word' id='word_1_163' title='bbox 582 1498 619 1517; x_wconf 80' lang='lat' dir='ltr'><strong>ac</strong></span> <span class='ocrx_word' id='word_1_164' title='bbox 643 1495 774 1518; x_wconf 87' lang='lat' dir='ltr'><strong>secreto</strong></span> <span class='ocrx_word' id='word_1_165' title='bbox 803 1495 1004 1530; x_wconf 88' lang='lat' dir='ltr'><strong>conceptus,</strong></span> <span class='ocrx_word' id='word_1_166' title='bbox 1036 1494 1073 1518; x_wconf 89' lang='lat' dir='ltr'><strong>ut</strong></span> <span class='ocrx_word' id='word_1_167' title='bbox 1098 1485 1132 1518; x_wconf 90' lang='lat' dir='ltr'><strong>in</strong></span> <span class='ocrx_word' id='word_1_168' title='bbox 1162 1485 1338 1530; x_wconf 86' lang='lat' dir='ltr'><strong>publicum</strong></span> 
     </span>
     <span class='ocr_line' id='line_1_24' title="bbox 201 1547 1340 1592; baseline 0 -12"><span class='ocrx_word' id='word_1_169' title='bbox 201 1548 325 1580; x_wconf 89' lang='lat' dir='ltr'><strong>deinde</strong></span> <span class='ocrx_word' id='word_1_170' title='bbox 358 1548 526 1580; x_wconf 84' lang='lat' dir='ltr'><strong>ederetur.</strong></span> <span class='ocrx_word' id='word_1_171' title='bbox 577 1547 818 1587; x_wconf 72' lang='lat' dir='ltr'><strong>continuatam</strong></span> <span class='ocrx_word' id='word_1_172' title='bbox 852 1560 931 1589; x_wconf 83' lang='lat' dir='ltr'><strong>ergo</strong></span> <span class='ocrx_word' id='word_1_173' title='bbox 968 1547 1041 1580; x_wconf 89' lang='lat' dir='ltr'><strong>illic</strong></span> <span class='ocrx_word' id='word_1_174' title='bbox 1066 1548 1176 1581; x_wconf 77' lang='lat' dir='ltr'><strong>Lucae</strong></span> <span class='ocrx_word' id='word_1_175' title='bbox 1208 1547 1340 1592; x_wconf 89' lang='lat' dir='ltr'><strong>exposi-</strong></span> 
     </span>
     <span class='ocr_line' id='line_1_25' title="bbox 199 1609 1341 1655; baseline 0 -13"><span class='ocrx_word' id='word_1_176' title='bbox 199 1610 330 1643; x_wconf 89' lang='lat' dir='ltr'><strong>tionem</strong></span> <span class='ocrx_word' id='word_1_177' title='bbox 354 1610 618 1648; x_wconf 72' lang='lat' dir='ltr'><strong>animadvertas,</strong></span> <span class='ocrx_word' id='word_1_178' title='bbox 648 1619 883 1655; x_wconf 75' lang='lat' dir='ltr'><strong>praeterquam</strong></span> <span class='ocrx_word' id='word_1_179' title='bbox 915 1609 948 1642; x_wconf 90' lang='lat' dir='ltr'><strong>in</strong></span> <span class='ocrx_word' id='word_1_180' title='bbox 981 1622 1038 1642; x_wconf 88' lang='lat' dir='ltr'><strong>sex</strong></span> <span class='ocrx_word' id='word_1_181' title='bbox 1063 1609 1244 1654; x_wconf 83' lang='lat' dir='ltr'><strong>postremis</strong></span> <span class='ocrx_word' id='word_1_182' title='bbox 1268 1610 1341 1642; x_wconf 90' lang='lat' dir='ltr'><strong>Ho-</strong></span> 
     </span>
     <span class='ocr_line' id='line_1_26' title="bbox 201 1671 1337 1716; baseline 0.002 -14"><span class='ocrx_word' id='word_1_183' title='bbox 201 1671 321 1710; x_wconf 71' lang='lat' dir='ltr'><strong>minis,</strong></span> <span class='ocrx_word' id='word_1_184' title='bbox 362 1684 448 1716; x_wconf 82' lang='lat' dir='ltr'><strong>quae</strong></span> <span class='ocrx_word' id='word_1_185' title='bbox 484 1684 521 1703; x_wconf 89' lang='lat' dir='ltr'><strong>ex</strong></span> <span class='ocrx_word' id='word_1_186' title='bbox 564 1671 725 1716; x_wconf 82' lang='lat' dir='ltr'><strong>ampliori</strong></span> <span class='ocrx_word' id='word_1_187' title='bbox 764 1685 907 1704; x_wconf 88' lang='lat' dir='ltr'><strong>numero</strong></span> <span class='ocrx_word' id='word_1_188' title='bbox 951 1672 1106 1704; x_wconf 88' lang='lat' dir='ltr'><strong>videntur</strong></span> <span class='ocrx_word' id='word_1_189' title='bbox 1148 1680 1337 1715; x_wconf 82' lang='lat' dir='ltr'><strong>excerptae.</strong></span> 
     </span>
     <span class='ocr_line' id='line_1_27' title="bbox 199 1732 1337 1775; baseline -0.002 -9"><span class='ocrx_word' id='word_1_190' title='bbox 199 1733 376 1766; x_wconf 85' lang='lat' dir='ltr'><strong>Prioribus</strong></span> <span class='ocrx_word' id='word_1_191' title='bbox 412 1733 480 1765; x_wconf 80' lang='lat' dir='ltr'><strong>illis</strong></span> <span class='ocrx_word' id='word_1_192' title='bbox 517 1733 652 1775; x_wconf 86' lang='lat' dir='ltr'><strong>triginta</strong></span> <span class='ocrx_word' id='word_1_193' title='bbox 687 1734 794 1766; x_wconf 87' lang='lat' dir='ltr'><strong>tribus</strong></span> <span class='ocrx_word' id='word_1_194' title='bbox 831 1733 956 1766; x_wconf 87' lang='lat' dir='ltr'><strong>similes</strong></span> <span class='ocrx_word' id='word_1_195' title='bbox 992 1741 1071 1766; x_wconf 88' lang='lat' dir='ltr'><strong>sunt</strong></span> <span class='ocrx_word' id='word_1_196' title='bbox 1094 1732 1266 1765; x_wconf 82' lang='lat' dir='ltr'><strong>Homiliae</strong></span> <span class='ocrx_word' id='word_1_197' title='bbox 1302 1732 1337 1765; x_wconf 91' lang='lat' dir='ltr'><strong>in</strong></span> 
     </span>
     <span class='ocr_line' id='line_1_28' title="bbox 198 1793 1337 1834; baseline 0.001 -7"><span class='ocrx_word' id='word_1_198' title='bbox 198 1794 351 1827; x_wconf 88' lang='lat' dir='ltr'><strong>Psalmos</strong></span> <span class='ocrx_word' id='word_1_199' title='bbox 376 1793 430 1828; x_wconf 80' lang='grc'><strong>36.</strong></span> <span class='ocrx_word' id='word_1_200' title='bbox 455 1795 506 1829; x_wconf 85' lang='grc'><strong>37.</strong></span> <span class='ocrx_word' id='word_1_201' title='bbox 535 1804 567 1827; x_wconf 86' lang='lat' dir='ltr'><strong>et</strong></span> <span class='ocrx_word' id='word_1_202' title='bbox 591 1795 662 1834; x_wconf 60' lang='lat'><strong>38„</strong></span> <span class='ocrx_word' id='word_1_203' title='bbox 696 1804 729 1827; x_wconf 89' lang='lat' dir='ltr'><strong>et</strong></span> <span class='ocrx_word' id='word_1_204' title='bbox 754 1796 840 1828; x_wconf 83' lang='lat' dir='ltr'><strong>duae</strong></span> <span class='ocrx_word' id='word_1_205' title='bbox 869 1795 902 1827; x_wconf 95' lang='lat' dir='ltr'><strong>in</strong></span> <span class='ocrx_word' id='word_1_206' title='bbox 929 1794 1122 1834; x_wconf 84' lang='lat' dir='ltr'><strong>Canticum,</strong></span> <span class='ocrx_word' id='word_1_207' title='bbox 1155 1803 1189 1826; x_wconf 89' lang='lat' dir='ltr'><strong>et</strong></span> <span class='ocrx_word' id='word_1_208' title='bbox 1213 1807 1337 1828; x_wconf 79' lang='lat' dir='ltr'><strong>novem</strong></span> 
     </span>
     <span class='ocr_line' id='line_1_29' title="bbox 196 1855 1337 1902; baseline 0 -13"><span class='ocrx_word' id='word_1_209' title='bbox 196 1856 231 1889; x_wconf 92' lang='lat' dir='ltr'><strong>in</strong></span> <span class='ocrx_word' id='word_1_210' title='bbox 255 1855 404 1889; x_wconf 84' lang='lat' dir='ltr'><strong>Judices.</strong></span> <span class='ocrx_word' id='word_1_211' title='bbox 442 1856 701 1901; x_wconf 82' lang='lat' dir='ltr'><strong>Extemporales</strong></span> <span class='ocrx_word' id='word_1_212' title='bbox 724 1866 836 1889; x_wconf 83' lang='lat' dir='ltr'><strong>autem</strong></span> <span class='ocrx_word' id='word_1_213' title='bbox 854 1856 1036 1895; x_wconf 85' lang='lat' dir='ltr'><strong>Homiliae,</strong></span> <span class='ocrx_word' id='word_1_214' title='bbox 1063 1856 1222 1900; x_wconf 85' lang='lat' dir='ltr'><strong>quoniam</strong></span> <span class='ocrx_word' id='word_1_215' title='bbox 1247 1856 1337 1902; x_wconf 77' lang='lat' dir='ltr'><strong>juxta</strong></span> 
     </span>
     <span class='ocr_line' id='line_1_30' title="bbox 198 1917 1335 1963; baseline 0 -12"><span class='ocrx_word' id='word_1_216' title='bbox 198 1917 349 1963; x_wconf 89' lang='lat' dir='ltr'><strong>episcopi</strong></span> <span class='ocrx_word' id='word_1_217' title='bbox 374 1918 637 1962; x_wconf 75' lang='lat' dir='ltr'><strong>praescriptum,</strong></span> <span class='ocrx_word' id='word_1_218' title='bbox 673 1928 706 1950; x_wconf 91' lang='lat' dir='ltr'><strong>et</strong></span> <span class='ocrx_word' id='word_1_219' title='bbox 729 1918 937 1960; x_wconf 84' lang='lat' dir='ltr'><strong>designatum</strong></span> <span class='ocrx_word' id='word_1_220' title='bbox 969 1918 1010 1950; x_wconf 82' lang='lat' dir='ltr'><strong>ab</strong></span> <span class='ocrx_word' id='word_1_221' title='bbox 1036 1930 1076 1950; x_wconf 85' lang='lat' dir='ltr'><strong>eo</strong></span> <span class='ocrx_word' id='word_1_222' title='bbox 1102 1927 1335 1960; x_wconf 79' lang='lat' dir='ltr'><strong>argumentum</strong></span> 
     </span>
     <span class='ocr_line' id='line_1_31' title="bbox 195 1979 1335 2024; baseline 0 -11"><span class='ocrx_word' id='word_1_223' title='bbox 195 1993 233 2013; x_wconf 85' lang='lat' dir='ltr'><strong>ac</strong></span> <span class='ocrx_word' id='word_1_224' title='bbox 246 1979 442 2024; x_wconf 83' lang='lat' dir='ltr'><strong>Scripturae</strong></span> <span class='ocrx_word' id='word_1_225' title='bbox 468 1980 580 2012; x_wconf 90' lang='lat' dir='ltr'><strong>locum</strong></span> <span class='ocrx_word' id='word_1_226' title='bbox 603 1980 921 2024; x_wconf 78' lang='lat' dir='ltr'><strong>pronuntiabantur,</strong></span> <span class='ocrx_word' id='word_1_227' title='bbox 945 1979 1075 2012; x_wconf 84' lang='lat' dir='ltr'><strong>idcirco</strong></span> <span class='ocrx_word' id='word_1_228' title='bbox 1099 1989 1228 2012; x_wconf 88' lang='lat' dir='ltr'><strong>certum</strong></span> <span class='ocrx_word' id='word_1_229' title='bbox 1246 1979 1335 2013; x_wconf 88' lang='lat' dir='ltr'><strong>hunc</strong></span> 
     </span>
     <span class='ocr_line' id='line_1_32' title="bbox 195 2041 1333 2086; baseline 0 -12"><span class='ocrx_word' id='word_1_230' title='bbox 195 2041 351 2075; x_wconf 85' lang='lat' dir='ltr'><strong>ordinem</strong></span> <span class='ocrx_word' id='word_1_231' title='bbox 383 2041 578 2085; x_wconf 83' lang='lat' dir='ltr'><strong>neutiquam</strong></span> <span class='ocrx_word' id='word_1_232' title='bbox 610 2051 743 2082; x_wconf 81' lang='lat' dir='ltr'><strong>tenent3</strong></span> <span class='ocrx_word' id='word_1_233' title='bbox 778 2041 837 2074; x_wconf 89' lang='lat' dir='ltr'><strong>sed</strong></span> <span class='ocrx_word' id='word_1_234' title='bbox 871 2041 903 2074; x_wconf 89' lang='lat' dir='ltr'><strong>in</strong></span> <span class='ocrx_word' id='word_1_235' title='bbox 939 2042 1081 2074; x_wconf 89' lang='lat' dir='ltr'><strong>eandem</strong></span> <span class='ocrx_word' id='word_1_236' title='bbox 1111 2054 1211 2086; x_wconf 88' lang='lat' dir='ltr'><strong>saepe</strong></span> <span class='ocrx_word' id='word_1_237' title='bbox 1242 2042 1333 2086; x_wconf 88' lang='lat' dir='ltr'><strong>peri-</strong></span> 
     </span>
     <span class='ocr_line' id='line_1_33' title="bbox 195 2102 1333 2148; baseline 0 -12"><span class='ocrx_word' id='word_1_238' title='bbox 195 2116 314 2148; x_wconf 85' lang='lat' dir='ltr'><strong>copam</strong></span> <span class='ocrx_word' id='word_1_239' title='bbox 347 2102 531 2145; x_wconf 81' lang='lat' dir='ltr'><strong>geminatae</strong></span> <span class='ocrx_word' id='word_1_240' title='bbox 564 2103 800 2147; x_wconf 81' lang='lat' dir='ltr'><strong>reperiuntur,</strong></span> <span class='ocrx_word' id='word_1_241' title='bbox 830 2102 1074 2146; x_wconf 83' lang='lat' dir='ltr'><strong>praetermissis</strong></span> <span class='ocrx_word' id='word_1_242' title='bbox 1103 2103 1183 2136; x_wconf 85' lang='lat' dir='ltr'><strong>totis</strong></span> <span class='ocrx_word' id='word_1_243' title='bbox 1214 2103 1333 2148; x_wconf 81' lang='lat' dir='ltr'><strong>capiti-</strong></span> 
     </span>
     <span class='ocr_line' id='line_1_34' title="bbox 192 2163 1328 2210; baseline 0 -12"><span class='ocrx_word' id='word_1_244' title='bbox 192 2166 273 2205; x_wconf 89' lang='lat' dir='ltr'><strong>bus,</strong></span> <span class='ocrx_word' id='word_1_245' title='bbox 310 2164 463 2207; x_wconf 85' lang='lat' dir='ltr'><strong>diligenti</strong></span> <span class='ocrx_word' id='word_1_246' title='bbox 499 2165 698 2209; x_wconf 86' lang='lat' dir='ltr'><strong>ceteroquin</strong></span> <span class='ocrx_word' id='word_1_247' title='bbox 738 2163 992 2203; x_wconf 53' lang='lat' dir='ltr'><strong>observatione,</strong></span> <span class='ocrx_word' id='word_1_248' title='bbox 1031 2173 1065 2197; x_wconf 87' lang='lat' dir='ltr'><strong>et</strong></span> <span class='ocrx_word' id='word_1_249' title='bbox 1101 2165 1328 2210; x_wconf 84' lang='lat' dir='ltr'><strong>explicatione</strong></span> 
     </span>
     <span class='ocr_line' id='line_1_35' title="bbox 190 2226 1329 2271; baseline 0 -12"><span class='ocrx_word' id='word_1_250' title='bbox 190 2227 306 2269; x_wconf 88' lang='lat' dir='ltr'><strong>dignis.</strong></span> <span class='ocrx_word' id='word_1_251' title='bbox 339 2226 447 2271; x_wconf 83' lang='lat' dir='ltr'><strong>Hujus</strong></span> <span class='ocrx_word' id='word_1_252' title='bbox 473 2227 602 2268; x_wconf 81' lang='lat' dir='ltr'><strong>generis</strong></span> <span class='ocrx_word' id='word_1_253' title='bbox 627 2227 784 2259; x_wconf 87' lang='lat' dir='ltr'><strong>videntur</strong></span> <span class='ocrx_word' id='word_1_254' title='bbox 809 2239 877 2258; x_wconf 84' lang='lat' dir='ltr'><strong>esse</strong></span> <span class='ocrx_word' id='word_1_255' title='bbox 903 2226 1100 2271; x_wconf 85' lang='lat' dir='ltr'><strong>superstites</strong></span> <span class='ocrx_word' id='word_1_256' title='bbox 1125 2226 1157 2259; x_wconf 91' lang='lat' dir='ltr'><strong>in</strong></span> <span class='ocrx_word' id='word_1_257' title='bbox 1182 2236 1329 2271; x_wconf 82' lang='lat' dir='ltr'><strong>quatuor</strong></span> 
     </span>
    </p>
   </div>
   <div class='ocr_carea' id='block_1_3' title="bbox 186 2287 1326 2332">
    <p class='ocr_par' dir='ltr' id='par_1_4' title="bbox 186 2287 1326 2332">
     <span class='ocr_line' id='line_1_36' title="bbox 186 2287 1326 2332; baseline -0.001 -11"><span class='ocrx_word' id='word_1_258' title='bbox 186 2288 317 2332; x_wconf 84' lang='lat' dir='ltr'><strong>priores</strong></span> <span class='ocrx_word' id='word_1_259' title='bbox 341 2288 561 2321; x_wconf 77' lang='lat' dir='ltr'><strong>pentateuchi</strong></span> <span class='ocrx_word' id='word_1_260' title='bbox 594 2288 698 2320; x_wconf 83' lang='lat' dir='ltr'><strong>libros</strong></span> <span class='ocrx_word' id='word_1_261' title='bbox 724 2288 915 2328; x_wconf 68' lang='lat' dir='ltr'><strong>Humili-ie,</strong></span> <span class='ocrx_word' id='word_1_262' title='bbox 955 2298 983 2320; x_wconf 84' lang='lat' dir='ltr'><strong>et</strong></span> <span class='ocrx_word' id='word_1_263' title='bbox 1018 2301 1101 2332; x_wconf 78' lang='lat' dir='ltr'><strong>quae</strong></span> <span class='ocrx_word' id='word_1_264' title='bbox 1134 2287 1168 2320; x_wconf 92' lang='lat' dir='ltr'><strong>in</strong></span> <span class='ocrx_word' id='word_1_265' title='bbox 1202 2288 1326 2320; x_wconf 79' lang='lat' dir='ltr'><strong>librum</strong></span> 
     </span>
    </p>
   </div>
  </div>
 </body>
</html>
