1422 2472
356 104 670 137 Omonmmoimm
696 104 808 137 mez
833 104 894 138 111.
1026 94 1029 97 i
1118 106 1183 141 163

45 193 121 236 geni
144 192 320 236 assignans,
367 194 506 238 Septem
539 206 577 226 ex
609 193 675 226 illis
701 193 811 226 emisit
835 193 868 226 in
895 194 1004 227 lucem
1030 195 1177 230 Michael

45 255 232 288 Ghislerius
257 255 290 287 in
317 255 442 288 Catena
465 269 523 288 sua
548 256 580 288 in
597 255 796 297 Jeremiam3
821 268 874 288 eas
899 256 1068 297 nimirum,
1093 271 1176 302 quae

44 316 78 349 in
105 316 376 363 Hieronymianis
410 318 558 351 deerant.
610 317 765 350 Eundem
800 317 887 350 inter
916 318 991 351 illas
1023 320 1176 354 ordinem

44 378 144 423 ponit
168 379 285 412 Codex
301 388 470 430 uterque,
500 388 600 423 atque
626 392 703 411 eum
728 379 927 422 legitimum,
952 390 986 413 et
1008 382 1177 416 Jeremiae

45 440 149 480 locis,
180 453 265 484 quos
295 450 464 480 enarrant,
496 449 768 474 consentaneum.
822 442 907 474 Nam
940 455 1039 487 quem
1070 445 1179 477 tenuit

45 502 284 548 Hieronymus,
309 503 467 534 consus-us
492 502 550 534 ille
576 511 635 542 est,
660 503 714 535 vel
747 502 822 546 ipso
853 504 998 538 fatente:
1027 506 1178 551 »Itaque,

44 563 165 608 inquit,
189 573 267 608 post
290 564 547 608 quatuordeeim
578 564 744 597 Homilias
775 564 809 596 in
842 564 1070 607 Hieremiam,
1096 581 1178 612 quas

45 624 111 670 jam
140 625 273 670 pridem
311 627 453 658 confuso
493 625 612 657 ordine
643 625 880 669 interpretatus
918 639 1022 660 sum.«
1078 629 1178 663 Unde

44 687 257 720 manifestum
285 696 353 726 est,
384 687 500 719 titulos
530 685 579 718 his
605 686 762 719 Homiliis
787 687 952 731 praefixos
977 690 1178 736 Hieronymi

43 762 111 782 non
145 762 226 782 esse.
282 749 335 781 Ad
374 748 453 780 haec
491 748 713 789 fragmentum
747 761 786 781 ex
825 749 975 783 Homilia
1011 752 1178 794 trigesima

43 823 142 852 nona,
168 809 276 854 capite
302 796 434 842 decimo
460 809 667 842 Philocaliae
693 810 877 843 exhibetur.

131 872 175 905 X.
222 872 324 904 Tomi
358 870 511 913 Origenis
544 871 577 904 in
602 871 817 904 Ezechielem
842 872 992 914 vigesimi
1014 875 1178 918 particula

42 933 186 978 quadam
215 942 344 966 constat
365 933 584 965 undecimum
610 933 816 966 Philocaliae
851 944 960 978 capnt.
1009 936 1177 984 Hierony-

42 1008 116 1028 mus
140 1008 221 1028 vero
247 995 502 1039 quatuordecim
528 994 678 1039 ejusdem
704 995 870 1028 Homilias
895 997 928 1028 in
952 997 1041 1029 hunc
1066 999 1175 1042 ipsum

42 1057 242 1101 prophetam
269 1056 428 1089 Romanis
455 1056 563 1088 verbis
589 1057 759 1100 expressit.
818 1057 927 1090 Testis
951 1057 1119 1101 Prologus
1142 1061 1176 1093 in

43 1131 157 1151 earum
189 1118 414 1150 Homiliarum
448 1118 559 1148 fronte
593 1117 796 1150 collocatus:
828 1118 919 1150 testis
953 1129 985 1151 et
1017 1120 1102 1154 liber
1135 1123 1177 1155 de

43 1179 199 1223 scriptor.
227 1179 346 1211 eccles.
375 1191 445 1222 cap.
474 1178 545 1212 146.
593 1177 702 1210 Testis
727 1191 862 1222 quoque
886 1179 1027 1213 Rufinus
1054 1183 1177 1218 lnvect.

42 1240 85 1279 2.,
110 1241 167 1285 qui
193 1250 227 1272 et
249 1241 289 1272 ad
315 1240 530 1272 Vincentium
556 1240 741 1281 Prologum
759 1240 921 1284 scriptum
938 1242 1040 1275 fuisse
1066 1245 1176 1279 docet.

43 1303 187 1336 Miratur
216 1302 373 1334 Erasmus
405 1301 438 1333 in
473 1301 610 1334 Censur.
646 1302 720 1334 libr.
747 1302 900 1344 Origen,
938 1305 1017 1348 quid
1042 1306 1093 1346 sit,
1119 1321 1179 1340 cur

42 1364 290 1410 Hieronymus,
321 1363 400 1395 alias
431 1363 550 1395 creber
571 1362 862 1403 praefationibus,
886 1364 967 1397 nihil
993 1367 1033 1398 ad
1060 1369 1178 1401 Homi-

42 1426 101 1458 lias
124 1426 158 1458 in
182 1425 312 1467 Isaiam,
338 1434 372 1457 et
394 1424 574 1457 Jeremiam
601 1437 617 1456 a
643 1437 676 1456 se
703 1424 818 1456 Latine
835 1426 982 1459 redditas
1007 1431 1176 1472 praefatus

43 1488 99 1528 sit;
123 1487 157 1520 in
180 1487 333 1529 Prologo
359 1496 470 1519 autem
496 1487 536 1518 ad
563 1486 729 1518 Homilias
754 1486 786 1517 in
804 1487 1018 1521 Ezechielem
1045 1505 1174 1525 erasum

42 1549 195 1594 queritur
217 1548 417 1594 Hieronymi
441 1561 577 1589 nomen,
604 1557 637 1580 et
662 1546 732 1591 ejus
758 1561 905 1593 quoque,
931 1563 1029 1594 quem
1056 1553 1177 1586 Hiero-

41 1624 160 1658 nymus
184 1611 379 1656 alloquitur.
427 1611 623 1654 Suspicatur
653 1622 733 1641 vero
770 1609 936 1652 Prologos
970 1612 1070 1646 fuisse
1099 1617 1177 1648 sub-

42 1674 127 1705 latos
151 1673 192 1705 ab
217 1672 277 1712 his,
303 1673 346 1705 ad
371 1686 456 1717 quos
487 1673 683 1716 scripserat,
715 1680 894 1715 postquam
930 1673 1085 1715 Origenis
1115 1688 1178 1709 no-

41 1748 119 1768 men
144 1736 271 1767 factum
296 1744 344 1766 est
369 1734 529 1767 Romanis
563 1733 787 1772 invidiosum,
819 1743 851 1765 et
884 1734 1062 1768 verisimile
1096 1751 1177 1778 esse,

42 1797 74 1829 in
98 1797 147 1829 his
172 1796 328 1838 Prologis
354 1795 600 1841 Hieronymum
626 1794 800 1836 magnifice
823 1795 1033 1838 praedicasse
1058 1798 1177 1842 Orige-

41 1858 90 1891 nis
114 1858 295 1900 ingenium.
342 1858 414 1900 Ego
448 1870 527 1889 vero
564 1856 701 1899 singulis
727 1856 819 1888 libris
846 1855 998 1898 Origenis
1022 1872 1040 1892 a
1063 1874 1098 1893 se
1123 1875 1178 1895 ex-

43 1919 158 1963 positis
182 1920 350 1961 Prologos
375 1918 600 1963 praetexuisse
626 1919 871 1963 Hieronymum
897 1918 1017 1959 fateor,
1040 1934 1116 1954 nam
1142 1923 1176 1956 id

43 1981 159 2013 asserit
184 1981 379 2014 Gennadius
404 1980 436 2012 in
464 1980 626 2022 Catalogo
654 1980 802 2012 virorum
823 1979 1018 2013 illustrium:
1044 1992 1077 2015 at
1092 1997 1175 2028 quos

43 2042 238 2085 praetexuit,
263 2055 332 2075 non
358 2043 398 2074 de
423 2042 594 2082 industria,
619 2043 676 2074 sed
697 2055 771 2074 casu
798 2051 830 2074 et
854 2041 1067 2077 librariorum
1093 2047 1179 2079 osci-

42 2103 145 2135 tantia
177 2116 296 2136 censeo
333 2104 435 2136 fuisse
467 2103 635 2144 sublatos3
675 2103 824 2148 alioquin
859 2104 1008 2136 sublatus
1042 2118 1178 2151 quoqne

44 2166 161 2197 luisset
185 2165 352 2206 Prologus
377 2166 417 2197 ad
443 2165 626 2197 Damasum
660 2165 820 2198 Homiliis
852 2165 1005 2207 Origenis
1036 2166 1067 2198 in
1093 2167 1178 2200 Can-

47 2226 150 2258 ticum
176 2227 360 2270 praelixus;
393 2236 425 2258 et
451 2227 510 2259 iste
535 2227 619 2259 alter
642 2227 683 2259 ad
709 2225 875 2259 Homilias
898 2226 930 2257 in
955 2227 1178 2261 Ezechielem

48 2289 82 2319 ln
120 2288 270 2320 editione
309 2287 443 2319 Merlini
482 2288 631 2328 Prologo
670 2288 834 2331 praefixus
871 2297 919 2319 est
957 2288 1009 2320 hic
1045 2288 1178 2322 titulus:

841 2349 913 2381 11*
