1413 2482
194 85 259 120 170
523 87 637 119 Pei-m
662 87 834 121 Damnatis
866 87 997 122 Huz‘rn

192 176 312 208 ‹leatur
342 189 379 208 ex
406 175 557 221 Didymo
584 176 734 209 vertisse.
783 176 898 220 Quum
931 177 1020 213 enim
1045 178 1200 221 origenis
1231 193 1325 213 men-

191 238 319 270 tionem
349 236 558 281 reliquisset,
595 248 673 282 post
706 239 794 270 hunc
826 238 860 271 in
893 240 1037 272 modum
1062 240 1230 285 loquitur:
1271 243 1324 274 Dc

190 300 322 344 Spiritu
346 308 462 331 sancto
479 299 631 345 Didymi,
659 313 758 344 quem
784 299 818 332 in
839 300 993 333 Latinum
1010 303 1175 342 transtuli,
1200 303 1324 336 librum

189 375 313 401 unum,
339 361 373 394 in
398 362 523 393 Lucam
549 361 718 395 llomilias
742 362 875 404 triginta
898 376 1041 403 novem,
1072 363 1105 396 in
1131 364 1282 399 Psalmos
1306 379 1325 398 a

190 423 325 456 decimo
350 436 456 467 usque
481 424 522 456 ad
549 424 719 456 decimum
743 434 875 457 sextum
901 433 1058 458 tractatus
1081 436 1230 471 septem,
1260 427 1325 460 Ca-

189 485 275 530 ptivi
299 485 457 518 monachi
481 485 606 526 vitam,
631 495 696 520 etc.
743 485 878 530 Quibus
910 500 947 519 ex
974 487 1084 520 verbis
1117 488 1203 521 nibil
1234 488 1326 521 aliud

190 547 334 590 intelligi
358 556 489 592 potest,
515 561 613 592 quam
639 557 697 580 aut
721 561 791 581 esse
817 549 1017 594 Hieronymi
1042 549 1109 583 hoc
1134 563 1239 595 opus,
1268 559 1327 582 aut

190 611 232 642 ab
265 623 306 642 eo
333 623 464 643 versum
500 623 538 642 ex
562 610 728 656 Didymo.
777 611 853 644 Hoc
884 620 999 644 utrum
1032 625 1108 644 casu
1139 625 1180 645 an
1211 611 1325 645 studio

189 673 317 704 factum
348 671 407 713 sit,
438 672 590 705 nescim«
641 675 685 705 At
710 674 919 706 observasset
943 673 1101 706 Erasmus
1132 673 1207 719 pari
1231 686 1326 716 argu-

188 744 304 767 mento
330 734 558 767 Homiliarum
585 734 728 767 duarum
763 727 797 767 in
823 735 998 768 Canticum
1030 745 1204 769 auctorem
1227 749 1327 769 revo-

188 797 257 830 cari
280 809 379 841 posse
403 796 438 829 in
463 796 617 837 dubium,
643 810 720 829 cum
743 796 777 830 in
800 799 929 831 eodem
945 798 1097 840 catalogi
1115 798 1225 843 capite
1243 798 1324 831 haec

186 859 307 892 habeat
330 859 576 905 Hieronymus:
615 859 688 891 »De
714 858 822 892 tribus
847 849 1101 904 quaestionibus
1127 861 1208 902 legis
1235 870 1324 893 vete-

186 921 250 959 ris,
275 920 442 953 Homilias
467 920 501 953 in
527 920 664 954 Cantica
690 920 908 954 Canticorum
934 923 1032 962 duas,
1060 922 1217 955 adversus
1243 922 1324 955 Hel-

187 983 353 1015 vidium.«
418 983 550 1026 Nempe
587 982 734 1015 auctoris
770 988 894 1015 nOmen
939 984 1131 1016 adscribere
1167 983 1324 1026 neglexit,

187 1058 288 1090 quem
314 1045 449 1077 aliunde
474 1044 551 1076 satis
582 1053 702 1076 notum
739 1057 809 1078 esse
833 1045 971 1078 sciebat.
1018 1046 1123 1078 Addit
1146 1046 1323 1078 Erasmus:

187 1107 298 1139 »Dein
324 1120 428 1151 quum
454 1105 487 1138 in
513 1108 632 1138 ceteris
657 1105 741 1138 nihil
772 1107 936 1139 habeatur
960 1107 1100 1149 erroris,
1132 1107 1186 1140 hic
1216 1106 1324 1139 multa

185 1178 263 1201 sunt
287 1168 339 1200 vel
363 1178 529 1213 suspecta,
554 1168 608 1201 vel
633 1169 819 1202 damnatam<
869 1169 962 1201 Itane
987 1168 1092 1202 vero?
1125 1169 1263 1202 Nihilne
1287 1169 1321 1202 in

186 1231 281 1264 libris
314 1233 397 1276 περὶ
428 1230 570 1275 ἀρχῶν,
607 1230 641 1263 in
675 1231 937 1264 Commentariis
969 1231 1003 1263 in
1028 1231 1256 1272 Mamaeum,
1287 1231 1322 1264 in

185 1293 325 1338 reliquis
350 1293 510 1337 operibus
535 1293 676 1325 habetur
700 1293 847 1327 erroris?
876 1293 1002 1326 Mirare
1024 1293 1133 1325 lector
1157 1294 1321 1326 effrenem

185 1356 316 1388 Erasmi
352 1355 385 1387 in
417 1356 579 1387 Veterum
614 1355 841 1399 expendendis
873 1355 1024 1400 scriptiS,
1063 1365 1095 1387 et
1132 1355 1322 1400 projectam

185 1418 422 1451 temeritatem.
477 1416 670 1450 Modestior
702 1417 883 1458 Mmliuus,
916 1430 1046 1450 errores
1079 1417 1128 1449 his
1161 1417 1322 1450 Homiliis

185 1483 226 1513 ab
241 1479 436 1522 Origeniani
461 1479 608 1513 nominis
632 1478 773 1518 aemulis
787 1479 963 1522 adspersos
984 1491 1192 1512 asseverans:
1218 1491 1322 1524 quan-

186 1556 286 1588 quam
312 1551 345 1574 et
368 1541 404 1574 id
428 1542 526 1575 valde
549 1541 727 1574 incertum.
768 1541 932 1574 Pauculas
957 1541 1117 1586 quasdam
1141 1541 1322 1586 particulas

186 1618 224 1636 ex
257 1604 403 1646 Origene
437 1603 471 1635 in
496 1604 622 1636 Lucam
657 1603 934 1636 exhibet.Julius
967 1603 1090 1636 Caesar
1111 1603 1321 1646 Bulengerus

183 1667 274 1699 Part.
291 1666 323 1699 2.
347 1665 494 1699 Diatrib.
512 1664 543 1700 3.
569 1679 642 1710 pag.
662 1666 736 1700 158.
755 1674 788 1697 et
804 1664 880 1699 222.
899 1665 1058 1698 adversus
1073 1665 1320 1705 casaubonum,

185 1742 222 1760 ex
249 1728 382 1760 Catenis
408 1728 548 1760 fortasse
572 1728 740 1772 aliquibus
764 1727 970 1771 depromtas.

273 1789 364 1820 XIV.
414 1789 487 1832 E')
521 1791 654 1822 duobus
686 1799 718 1822 et
754 1789 887 1831 triginta
913 1788 1248 1822 Commentariorum
1284 1789 1317 1821 in

183 1854 350 1885 Joannem
376 1850 512 1890 Tomis,
548 1865 670 1883 novem
698 1851 836 1883 omnino
861 1860 1058 1895 supersunt;
1093 1850 1238 1895 primus,
1269 1863 1319 1883 se-

185 1914 323 1952 cundus,
347 1921 467 1951 sextus,
493 1914 660 1953 decimus,
685 1914 836 1945 decimus
861 1914 998 1952 tertius,
1023 1912 1174 1944 decimus
1198 1924 1318 1952 nonus,

183 1976 373 2019 vigesimus,
398 1974 576 2015 vigesimus
602 1985 758 2014 octavus,
784 1984 817 2006 et
840 1974 1029 2016 trigesimus
1053 1973 1231 2007 secundus.
1279 1975 1319 2006 In

183 2038 409 2071 bibliothecae
443 2036 551 2077 regiae
586 2036 714 2069 Codice
747 2036 781 2067 hi
806 2037 908 2068 Tomi
939 2036 1006 2068 suis
1033 2036 1138 2068 notati
1170 2036 1318 2069 numeris

280 2151 310 2194 ¹)
337 2151 414 2182 Jam
438 2161 554 2192 supra,
586 2158 665 2181 sect.
685 2150 726 2180 ll.
754 2161 845 2181 nun».
865 2149 939 2180 Vll.
966 2158 1035 2180 not.
1063 2158 1095 2179 et
1127 2149 1160 2180 in
1184 2148 1320 2181 Praesa-

184 2198 276 2230 tione
300 2195 378 2228 huie
403 2194 516 2226 Tomo
542 2194 687 2238 praelixa
712 2193 920 2226 ostendimus
952 2194 1028 2237 plus
1055 2207 1153 2237 quam
1184 2193 1317 2236 triginta

185 2253 216 2275 ct
249 2243 333 2274 duos
360 2241 489 2273 Tomos
520 2239 554 2271 iu
579 2240 745 2272 Joauuem
779 2240 961 2272 confecisse
989 2239 1171 2281 Origencm
1203 2239 1317 2272 verisi-

185 2288 366 2320 millimum
394 2299 472 2317 csse.
523 2286 561 2317 R.
