1413 2482
176 82 222 118 20
511 80 623 114 Pssrm
649 81 821 115 Dmizms
846 82 976 115 numu

183 173 216 205 in
239 172 315 205 sinu
340 173 487 211 foveret,
518 172 657 204 candem
684 171 717 204 in
742 172 892 210 Joanne.
918 181 951 204 et
975 171 1150 211 Palladio,
1175 172 1316 217 aliisque

185 244 412 280 oppugnatam
445 234 609 267 defendit.
663 233 750 266 Hinc
781 233 867 265 illud
901 242 950 265 est
974 233 1153 278 Epiplianii
1186 234 1220 266 in
1247 234 1318 278 epi-

183 297 271 330 stola
295 297 336 329 ad
360 297 528 328 Joannem
553 295 725 328 Hierosol.
752 308 824 339 cap.
851 294 882 328 4.
931 295 1001 327 »Te
1034 305 1164 335 autem,
1188 296 1319 335 Frater,

187 359 309 391 liberet
333 358 445 397 Deus,
476 367 510 390 et
540 367 691 390 sanctum
718 358 886 402 populum
912 356 1054 397 Clu-isti,
1079 358 1136 402 qui
1163 358 1223 391 tibi
1249 372 1319 390 rre-

187 420 275 452 ditus
299 428 365 459 cst,
398 428 431 452 et
456 433 572 452 omnes
606 420 740 458 fratres,
772 419 829 463 qui
863 428 976 450 tecum
1003 429 1096 459 sunt,
1122 429 1154 452 et
1177 420 1319 453 maxime

186 482 348 515 Rufinum
372 482 606 527 presbyterum
631 482 673 513 ab
698 480 824 513 haeresi
845 480 1012 522 origenis,
1038 491 1069 514 et
1084 483 1126 514 ab
1146 483 1218 515 aliis
1244 483 1322 515 liae-

186 543 328 582 resibm,
353 553 385 575 et
408 542 605 587 perditione
631 556 784 576 carunr«
840 543 910 575 Nec
935 543 1035 576 aliam
1062 545 1107 576 ob
1132 557 1278 577 caussam
1305 557 1321 576 a

190 606 333 638 conflata
366 605 433 649 jam
458 604 537 637 inde
562 618 579 637 a
604 605 720 637 multis
745 604 837 637 annis
872 617 948 637 cum
974 605 1184 652 Hieronymo
1209 619 1322 640 neces-

188 668 335 700 situdine
355 667 495 699 Rufinus
521 668 657 700 defecit.

277 729 339 762 ΧΙ.
388 729 698 770 Ingravescentibus
729 728 762 761 in
789 729 860 762 dies
884 731 1050 763 Jo'annem
1075 729 1322 777 Hierosolymi-

187 801 304 824 tanum
329 790 416 823 inter
440 799 473 822 et
489 790 720 835 Epiphaniam
739 791 837 830 odiis,
861 801 972 830 tantos
990 791 1177 824 amicorum
1194 793 1224 835 ¹)
1249 805 1322 824 mo·

189 862 242 886 tus
268 865 484 897 compescere
507 853 635 885 studuit
661 853 844 885 Archelaus
870 853 1005 893 Comes,
1027 854 1087 892 vir,
1113 863 1150 886 ut
1173 854 1218 886 ait
1244 854 1324 887 Hie-

189 928 362 961 ronymus,
386 913 647 948 disertissimus
670 921 707 947 et
729 913 1078 949 Christianissimus.
1118 915 1252 948 Placuit
1276 915 1324 947 in-

190 977 326 1022 primis,
349 986 387 1009 ut
410 976 570 1021 quoniam
596 976 741 1009 violatae
773 976 852 1008 fidei
886 977 1033 1022 suspicio
1065 977 1250 1022 peperisset
1275 977 1324 1008 di-

189 1039 372 1079 scordiam,
397 1038 546 1083 ejusdem
577 1038 745 1082 professio
780 1038 866 1070 viam
903 1039 945 1070 ad
977 1038 1193 1071 concordiam
1218 1038 1327 1070 muni-

191 1111 253 1134 ret.
303 1100 473 1133 Condicio
499 1100 648 1132 foederis
672 1100 762 1139 loco,
789 1109 819 1132 et
846 1099 911 1145 jam
931 1110 1048 1133 coacto
1069 1101 1325 1138 monachorum,

192 1163 406 1206 aliorumque
432 1161 696 1206 complui-imum
730 1171 848 1200 coetu,
878 1175 964 1193 unus
989 1163 1244 1206 exspectabatur
1265 1162 1325 1195 «lo-

194 1238 306 1263 annes,
331 1237 406 1256 cum
431 1223 490 1255 ille
516 1223 737 1255 mulierculae
768 1223 882 1255 neseio
915 1223 1009 1268 cujus
1043 1225 1200 1256 morbum
1234 1236 1326 1256 caus-

193 1296 295 1326 satus,
327 1298 399 1317 rem
424 1285 457 1317 in
481 1285 574 1317 aliud
600 1284 730 1322 distuflt
761 1295 912 1328 tempus,
949 1286 1168 1329 mon··ntique
1205 1285 1327 1318 Archa»-

195 1348 260 1386 lao,
286 1356 318 1378 et
343 1347 385 1378 ad
410 1345 646 1388 paciscendum
671 1345 842 1384 invitanti,
868 1346 984 1377 eadem
1011 1359 1087 1379 usus
1112 1347 1326 1379 excusatione·¹

192 1422 268 1460 nony¹
284 1407 407 1453 paruit.
456 1408 545 1440 Tum
578 1421 657 1440 vero
692 1407 795 1440 officii
828 1407 877 1440 sui
903 1421 972 1440 esse
1002 1409 1131 1441 censuit
1154 1409 1329 1453 Theophi-

194 1472 245 1503 lus
268 1469 522 1509 Alexandrinus,
550 1469 715 1514 laboranti
737 1470 899 1502 ecclesiae
916 1483 1123 1510 succurrere,
1147 1472 1215 1504 sive
1240 1472 1326 1504 sama

194 1531 364 1570 excitatus,
386 1531 466 1570 sive,
491 1532 583 1576 quod
600 1531 713 1575 potius
733 1531 945 1570 crediderim,
969 1529 1127 1564 invitatus
1152 1546 1168 1565 a
1186 1534 1327 1566 Joannc.

195 1593 365 1626 Isidorum
388 1592 501 1637 itaque
515 1593 778 1626 Alexandrinum
793 1595 1027 1640 presbyterum
1052 1607 1090 1627 ac
1114 1595 1327 1633 monachum,

195 1655 330 1700 pietatis
354 1655 441 1687 fama
466 1655 704 1700 conspicuum,
730 1655 876 1697 legatum
900 1657 942 1688 ml
965 1660 1142 1695 Joannem,
1165 1657 1328 1701 aliosque,

195 1717 419 1750 sedandarum
450 1717 706 1750 contentionum
740 1730 850 1749 caussa
883 1718 987 1750 mittit
1012 1732 1087 1750 cum
1113 1719 1230 1758 literis,
1255 1718 1328 1763 qui-

197 1780 260 1812 bus
282 1778 437 1811 incensos
461 1779 591 1812 animos
618 1779 770 1818 delinire,
799 1789 831 1811 et
857 1779 888 1811 in
913 1780 1051 1820 gratiam
1069 1781 1231 1813 reducere
1256 1789 1329 1812 ten-

194 1841 296 1874 tabat.
344 1841 471 1873 Verum
495 1853 554 1873 sua
578 1853 655 1884 spes
677 1840 910 1884 Theophilum
936 1841 1035 1882 longe
1059 1841 1199 1874 fefellit:
1225 1855 1328 1886 quem

195 1902 285 1936 enim
310 1902 511 1944 allegaverat
533 1902 722 1941 Isidorum,
754 1915 865 1935 merus
890 1912 960 1935 erat
984 1903 1184 1943 origenista,
1209 1903 1330 1944 Orige-

195 1964 289 1998 nistis
314 1965 438 2002 favens,
462 1964 636 1996 turbandis
668 1965 766 1996 rebus
800 1977 898 2009 quam
925 1964 1170 2008 componendis
1194 1964 1326 2008 aptior:

195 2040 272 2060 nam
296 2036 372 2058 ante
397 2035 464 2057 trcs
488 2038 618 2057 menses
644 2039 743 2069 quam
771 2027 899 2059 reniret
927 2026 1215 2071 Hierosolymam,
1251 2026 1324 2059 lite-

195 2101 248 2122 ras
271 2088 410 2120 dederat
441 2087 482 2118 ad
515 2086 730 2118 vincentium
763 2088 1014 2133 presbyterum,
1043 2087 1163 2131 quibus
1189 2101 1265 2120 eum
1290 2098 1326 2120 ut

197 2149 231 2183 in
247 2148 434 2182 orthodoxa
450 2148 526 2187 fide,
552 2147 616 2179 hoc
638 2159 684 2181 est
700 2149 731 2180 iu
751 2148 976 2189 Origenismo,
1001 2159 1231 2192 perseveraret
1247 2149 1325 2181 hor-

294 2263 324 2306 Ι)
349 2261 412 2294 Ed.
436 2261 558 2294 Ruaei:
584 2260 778 2292 amicorum.
