1422 2472
348 75 656 111 omns-monum
680 75 794 111 Lmen
817 75 878 110 ΙΙΙ.
1115 73 1183 110 257

48 167 128 203 doxi
164 166 338 214 cujusdam
372 167 472 213 hujus
516 167 632 201 aetatis
667 166 847 212 supinitas,
887 164 945 210 qui
983 165 1182 199 Lamentum

49 230 189 273 Origeni
212 230 434 275 adscriptum,
457 242 475 263 a
500 230 588 263 libro
615 230 656 262 de
673 227 887 263 Poeniteutia
906 227 1075 262 diversum
1099 227 1183 273 quid

49 305 118 328 esse
142 292 285 339 putavit.

137 355 200 389 IX.
236 354 421 398 Dialogum
447 355 488 388 de
512 355 701 388 orthodoxa
724 355 803 397 fide,
828 354 888 400 qui
913 363 946 388 et
963 363 1080 388 contra
1091 353 1184 388 Mar-

48 418 205 453 cionistas
230 417 368 452 inscribi
391 418 490 459 solet,
515 417 656 460 origeni
680 417 829 451 tribuere
854 417 1013 451 videntur
1028 415 1186 457 Basilius,

48 492 82 515 et
106 481 289 525 Gregorius
314 480 554 514 Nazianzenus.
604 481 690 514 Cum
716 481 805 514 enim
831 493 869 514 ex
895 479 1066 526 Operibus
1091 490 1184 512 mere

49 543 261 587 Origenianis
278 542 502 577 Philocaliam
522 543 668 577 conflare
693 556 727 577 se
750 543 896 589 professi
919 542 996 583 sint,
1021 543 1188 584 fragmen·

49 615 122 639 tum
155 619 173 639 e
204 615 300 652 parte
335 606 434 639 tertia
460 606 601 649 Dialogi
632 605 728 639 istius
760 606 978 651 depromtum
1010 604 1045 637 in
1069 604 1187 637 Philo-

51 669 172 703 caliam
202 667 434 714 conjecerunt.
483 669 600 714 Itaque
632 668 733 701 illum
765 681 834 701 esse
869 667 1044 711 Origenis,
1081 668 1188 701 credi-

50 732 137 766 disse
167 731 246 765 illos
269 731 487 780 perspicuum
520 740 580 765 est.
627 731 673 765 At
701 730 878 764 inducitur
905 730 940 764 in
973 744 1013 764 eo
1038 730 1187 773 Dialogo

51 794 215 837 Origenes
238 795 417 839 probatam
440 793 476 826 in
501 792 644 827 ecclesia
668 794 710 827 de
734 793 857 827 tunicis
883 793 1038 840 pelliceis
1055 794 1191 834 Adami,

51 866 85 890 et
115 857 159 890 de
191 869 336 902 corpore
366 856 534 898 humano,
572 865 605 890 et
634 855 763 898 anima,
794 857 906 902 deque
938 856 1190 890 resurrectione

51 919 251 954 sententiam
282 930 521 965 propugnans3
561 931 637 952 cum
673 918 739 953 alia
770 919 909 954 sensisse
945 920 1057 966 ipsum
1088 933 1191 965 supra

53 982 310 1017 ostenderimus.
370 982 470 1015 Unde
517 982 652 1027 opellae
685 982 783 1029 hujus
816 982 964 1028 scriptor
993 982 1190 1028 neutiquam

54 1045 146 1079 credi
170 1055 295 1091 potest.
341 1045 522 1078 Praeterea
546 1044 588 1078 ad
611 1044 715 1077 finem
739 1045 919 1087 fragmenti
951 1045 1066 1092 hujus,
1097 1046 1192 1090 quod

51 1107 260 1141 Philocaliae
291 1106 454 1141 insertum
488 1116 553 1147 est,
589 1106 755 1141 Scholion
786 1107 878 1140 istud
907 1107 1052 1154 reperiri
1085 1107 1192 1140 solet:

60 1173 184 1205 Ταῦτα
208 1168 282 1205 ἀπὸ
307 1171 370 1205 τοῦ
396 1168 557 1215 ἑβδόμου
588 1168 701 1215 λόγου
725 1171 785 1214 τῆς
797 1169 980 1214 Εὗσεβίου
998 1171 1062 1205 τοῦ
1077 1173 1192 1215 Παμ-

56 1235 167 1279 φίλου
192 1232 427 1278 εὐαγγελικῆς
448 1234 756 1279 προπαρασκευῆς
778 1234 1075 1278 παραβέβληται.
1100 1235 1193 1267 Ma-

55 1299 162 1343 ξίμου
187 1296 230 1331 δέ
252 1297 356 1339 εἰσιν,
382 1292 430 1334 ὥς
453 1283 568 1341 φηὰιν
593 1293 611 1329 ὃ
630 1293 737 1334 αὐτὸς
748 1294 936 1339 Εὐσέβιος,
963 1293 1029 1330 οὐκ
1047 1292 1194 1339 ἀσήμου

55 1359 96 1394 ἓν
119 1362 194 1398 τοῖς
219 1361 456 1406 Χριστιανοῖς
480 1360 740 1405 συγγραφέως·
774 1356 957 1397 αὐτολεξεὶ
981 1357 1022 1393 δὲ
1047 1357 1195 1404 εὕρηται,

54 1423 166 1458 ταῦτα
183 1424 333 1466 κείμενα
356 1421 418 1455 καὶ
443 1419 484 1455 ἒν
501 1419 770 1467 τῷὨριγένους
792 1418 883 1468 πρὸς
896 1419 1192 1467 Μαρκιωνιστὰς,

54 1485 117 1520 καὶ
141 1480 270 1522 ἄλλους
293 1481 492 1528 αἱρετικούς
516 1481 697 1529 διαλόγῳ,
728 1482 939 1530 Εὐτροπίου
972 1481 1194 1527 δικάζοντος,

55 1549 250 1592 ,ῖΡῙεγεθίου
275 1546 316 1580 δὲ
346 1544 609 1590 ἀντιλέγοντος.
657 1546 789 1578 Revera
820 1544 987 1578 Eusebius
1012 1544 1101 1578 libro
1116 1545 1195 1579 VII.

57 1610 99 1643 de
131 1609 289 1654 Praepar.
327 1607 522 1650 Evangelic.
560 1608 786 1650 fragmentum
821 1606 857 1640 id
895 1606 1048 1648 exhibet,
1089 1615 1122 1641 et
1157 1620 1197 1641 ex

56 1670 199 1706 Maximi
223 1670 313 1703 libro
338 1671 423 1718 περὶ
447 1669 531 1714 ὕλης
553 1682 624 1703 sese
648 1678 840 1703 mutuatum
865 1681 935 1702 esse
960 1669 1070 1703 tradit.
1102 1666 1197 1703 Utris

58 1744 171 1769 autem
194 1733 271 1779 plus
295 1733 476 1766 habeamus
501 1732 600 1775 fidei,
623 1731 752 1765 Basilio
779 1741 812 1765 et
838 1731 1024 1775 Gregorio,
1049 1745 1135 1778 opus
1160 1733 1197 1766 id

60 1796 201 1840 Origeni
224 1795 472 1840 tribuentibus3
495 1808 536 1829 an
553 1794 704 1828 Eusebio
727 1794 821 1828 idem
836 1794 988 1828 Maximo
1006 1795 1197 1838 assignanti,

60 1859 298 1903 ambigendum
322 1871 391 1892 non
418 1867 484 1892 est:
509 1871 609 1903 saepe
635 1857 762 1904 quippe
781 1857 1000 1899 ostendimus,
1023 1857 1198 1892 neminem

60 1923 96 1957 in
119 1920 368 1969 perscrutandis
393 1920 549 1963 origenis
578 1921 679 1954 rebus
710 1930 842 1954 tantum
872 1919 1065 1954 adhibuisse
1098 1934 1198 1955 curae

63 1996 95 2019 et
119 1985 292 2026 solertiae,
324 1992 483 2030 quantam
513 1982 667 2016 adhibuit
690 1983 866 2017 Eusebius.
914 1983 995 2018 Veri
1017 1993 1130 2018 autem
1155 1985 1200 2018 si-

62 2048 144 2082 mile
176 2057 224 2082 est
253 2046 404 2081 habitam
438 2058 555 2079 revera
590 2045 694 2080 fuisse
726 2046 867 2090 Origeni
904 2060 980 2081 cum
1012 2046 1199 2089 Megethio,

63 2108 203 2153 Marco,
227 2108 366 2156 aliisque
391 2107 578 2143 Haereticis
604 2110 911 2154 concertationem3
942 2118 975 2143 at
1006 2122 1024 2143 a
1048 2109 1199 2143 Maximo

66 2172 188 2207 deinde
218 2173 253 2206 iu
284 2173 396 2206 literas
427 2173 586 2213 relatam,
621 2182 654 2206 et
687 2172 795 2218 Operi
825 2186 886 2206 suo
917 2174 1002 2220 περὶ
1030 2169 1114 2217 ὕλης
1151 2171 1202 2205 in-

66 2246 203 2270 textam.
251 2234 372 2268 Fidem
405 2234 455 2268 his
481 2235 640 2268 conciliat
663 2237 758 2282 quod
788 2243 899 2268 narrat
923 2234 1090 2269 Eusebius
1112 2235 1200 2270 Hist.

67 2300 142 2333 libr.
158 2299 216 2332 VI.
242 2311 312 2343 cap.
330 2296 395 2338 33„
421 2299 461 2330 ab
487 2298 602 2331 aetatis
626 2311 704 2331 suae
729 2298 932 2344 presbyteris
955 2298 1203 2344 quamplurima

117 2363 295 2396 Onu-‚mus
321 2361 457 2395 OPERA.
485 2359 580 2393 Toni.
606 2360 730 2395 XXIV.
962 2362 1004 2396 17
