1413 2482
172 51 213 86 12
505 51 618 85 Parni
644 51 817 85 nimus
842 50 973 84 Hui-:ru

168 141 378 180 recentioris,
403 150 435 172 et
455 142 613 184 Gregorii
631 141 772 185 Nysseni
798 141 993 182 fragmentis
1016 140 1092 174 farti
1117 148 1209 179 sunt;
1234 140 1304 171 Au-

171 213 255 242 ctor,
280 202 436 247 inquam,
475 203 535 236 ille
567 205 608 235 de.
640 204 788 245 Origene
818 203 905 235 male
939 201 1060 242 sensit,
1095 214 1134 234 ae
1157 198 1304 244 scripsit,

167 263 385 310 μυθολόγων
410 277 486 297 eum
513 266 699 310 appellans,
724 265 836 304 ἀκοὰς
857 265 927 310 μὲν
954 266 1151 309 θέλγοντιι,
1184 260 1305 305 ψυχὰς

169 328 210 361 δὲ
235 326 276 361 οὐ
302 329 481 371 τρέφοντα
497 337 505 346 ·
532 336 565 359 et
590 330 650 370 τῆς
674 327 783 372 ὀργῆς
807 324 1022 369 ἐπώνυμον,
1048 324 1162 369 inepta
1187 332 1220 356 et
1245 321 1304 354 sri-

168 389 243 430 gida
268 388 451 427 allusione,
483 389 597 433 quales
628 389 785 433 Scriptor
808 387 866 420 ille
892 386 1103 420 comminisci
1134 394 1239 418 amat:
1269 393 1303 416 et.

169 449 429 485 ἀνοσιώτατον.
486 451 570 483 Item
604 451 760 492 dogmata
801 449 872 496 ejus
903 447 1115 493 δηλητήρια,
1155 453 1303 493 φθορο-

167 512 269 548 ποιὰ,
296 511 378 550 τοῦς
402 511 672 557 ἀπλυυσιέρους
696 515 904 552 σκελίζονπα
929 523 998 543 esse
1023 510 1115 543 dicit.

259 573 476 606 Manifestum
502 587 607 618 porro
641 584 689 607 est
721 588 758 606 ex
783 573 1035 618 superioribus,
1065 580 1226 617 quantum
1252 584 1305 603 er-

168 635 291 667 raverit
316 635 493 667 Halloxius
521 635 594 667 libr.
621 636 679 670 lv,
709 635 802 677 Orig.
840 635 966 667 defens.
998 644 1124 679 quaest.
1149 634 1199 673 4.,
1229 633 1304 666 alii-

167 710 231 741 que
256 696 425 737 nonnulli,
451 697 508 741 qui
533 707 609 729 ante
633 697 816 741 Epiphanii
843 710 918 729 cum
944 698 1075 730 Joanne
1100 696 1304 740 Hierosoly-

165 758 292 790 mitano
319 767 352 790 et
378 758 621 803 Clirysostomo
648 759 889 798 dissensiones,
922 758 1104 800 Origenem
1127 771 1146 792 a
1169 758 1302 791 nemine

165 833 228 864 pro
255 819 437 852 Haeretico
464 820 615 853 habitum
640 821 753 860 fuisse,
777 822 994 866 primumque
1014 819 1244 865 Epiphanium
1268 819 1303 852 in

166 896 243 914 cum
274 882 364 923 sigua
402 883 547 914 movisse
581 882 766 915 memoriae
799 883 1044 928 prodiderunt:
1079 895 1156 915 nam
1190 882 1303 914 »velut

164 943 380 976 Haereticam
411 953 631 976 accusatum«
668 944 770 977 fuisse
802 945 925 977 diserte
956 944 1073 977 scribit
1107 944 1303 988 Pamphilus

165 1006 197 1046 ἰμ
225 1006 412 1050 Apologia3
437 1016 470 1038 et
494 1019 593 1050 quam
619 1006 772 1045 gravibus
797 1016 971 1051 peteretur
995 1006 1212 1047 criminibus,
1243 1006 1302 1038 de·

163 1069 268 1100 clarat
291 1068 362 1112 ipsa
387 1068 467 1100 haec
499 1068 684 1112 Apologia3
715 1081 792 1101 nain
822 1069 954 1113 »ipsum
979 1082 1104 1102 nomen
1130 1070 1303 1114 Apologe-

163 1129 254 1169 tici,«
279 1138 318 1162 ut
340 1129 387 1161 ait
419 1129 560 1162 Hieron.
593 1129 691 1174 epist.
717 1130 770 1163 65.
803 1130 845 1162 ad
877 1130 1072 1163 pammach.
1105 1140 1139 1164 et
1163 1130 1302 1172 ocean„

166 1192 336 1224 »ostendit
361 1191 630 1233 accusationem;
662 1205 730 1224 non
762 1192 851 1224 enim
885 1192 1096 1232 defenditur,
1121 1192 1184 1225 nisi
1207 1195 1301 1238 quod

162 1254 195 1286 in
222 1253 363 1286 crimine
389 1261 483 1284 est:«
512 1253 683 1286 declarant
708 1263 741 1286 et
775 1253 963 1298 Apologiae
989 1254 1192 1298 complures,
1216 1268 1301 1300 quae

162 1330 179 1348 a
206 1315 320 1347 multis
343 1314 454 1356 magni
478 1314 627 1346 nominis
652 1315 730 1347 viris
755 1315 926 1359 Pamphili
951 1324 1106 1359 tempore
1131 1328 1195 1360 pro
1222 1316 1301 1350 Ori·
1333 1348 1337 1354 ,

163 1390 245 1419 geue
281 1376 495 1420 conscriptae
524 1386 610 1409 sunt.
660 1378 730 1409 Nec
754 1386 934 1421 repugnat,
970 1377 1063 1421 quod
1095 1378 1300 1419 Augustinus

164 1439 412 1485 Hieronymum
447 1447 541 1479 rogat
565 1451 626 1482 per
651 1438 847 1482 epistolam,
878 1447 914 1470 ut
938 1438 1002 1471 sibi
1028 1439 1183 1481 origenis
1209 1453 1302 1473 erro-

163 1515 215 1534 res
239 1500 386 1545 aperiat;
410 1512 486 1531 narn
513 1504 656 1544 propter
672 1500 821 1532 Graecae
848 1500 977 1541 linguae
1002 1499 1179 1541 inscitiam,
1205 1502 1238 1535 in
1263 1515 1302 1536 ea

163 1561 373 1604 ignoratione
399 1561 463 1592 fuit
489 1561 706 1603 Augustinus.

253 1623 327 1655 Vll.
376 1622 499 1655 Adhuc
525 1636 599 1654 cum
627 1623 774 1665 Origene
799 1624 970 1669 praeclare
994 1633 1105 1657 actum
1131 1634 1218 1667 erat,
1244 1638 1301 1658 οε*

164 1698 228 1730 que
254 1694 383 1717 tantum
410 1684 459 1717 illi
484 1684 687 1726 ignominiae
713 1686 900 1720 inusserant
923 1685 1115 1725 adversarii,
1140 1697 1301 1731 quantum

165 1746 383 1785 celebritatis,
408 1746 650 1779 inclarescente
675 1748 708 1779 in
737 1748 809 1781 dies
842 1748 1014 1781 doctrinae
1048 1748 1155 1787 sama,
1192 1749 1302 1782 suerat

164 1810 327 1853 adeptus;
353 1821 428 1840 cum
454 1808 618 1853 susceptis
643 1810 806 1853 quosdam
832 1809 919 1842 inter
942 1808 1186 1843 ecclesiasticos
1213 1811 1302 1844 viros

165 1869 362 1909 inimicitiis,
385 1870 507 1914 partim
534 1870 756 1911 Origeuismi‚
786 1871 910 1915 partim
935 1870 1056 1916 privati
1082 1870 1153 1903 odii
1177 1884 1302 1911 caussa,

165 1932 316 1965 maximis
349 1932 497 1964 motibus
530 1932 683 1964 universa
716 1932 857 1965 ecclesia
890 1945 1048 1965 concussa
1081 1940 1141 1967 est.
1196 1932 1301 1975 Quod

166 1995 192 2028 si
217 2003 371 2027 accurate
395 1992 522 2035 singula
549 1994 732 2026 consectari
766 1994 864 2027 nobis
891 2003 976 2029 esset
999 1993 1233 2038 propositum,
1268 1993 1301 2026 in

167 2058 368 2090 immensum
396 2065 559 2088 cresceret
584 2055 672 2088 istud
699 2068 796 2100 opus,
821 2066 854 2088 et
878 2057 964 2088 ultra
983 2055 1226 2100 circumseptos
1251 2056 1302 2088 lu-

167 2117 359 2152 cubrationi
391 2117 469 2149 huic
501 2117 668 2150 cancellos
703 2130 970 2156 excurreremus,
1010 2117 1095 2150 adeo
1130 2117 1229 2159 longa
1253 2125 1302 2150 est

166 2179 299 2226 injuria,
324 2179 443 2221 longae
470 2180 641 2221 ambages3
673 2179 731 2211 sed
768 2192 896 2211 summa
933 2180 1092 2211 duntaxat
1116 2192 1229 2212 rerum
1256 2180 1301 2211 la-

168 2241 260 2283 stigia
285 2253 539 2286 persequemur.
589 2240 692 2284 Quod
717 2250 753 2273 ut
780 2240 897 2273 ordine
923 2241 1105 2284 procedat,
1129 2254 1181 2274 res
1204 2240 1303 2273 altius
