1413 2482
179 77 245 114 136
511 76 624 111 Pam
657 76 831 111 omnus
857 76 991 112 Hoetu

182 168 264 202 lensi
293 167 422 201 Codice
448 166 677 211 depromserit
700 166 876 200 Balthasar
901 167 1104 209 Corderius,
1136 178 1172 202 et
1194 169 1229 203 in
1254 168 1324 202 edi-

181 229 284 263 tionis
307 242 385 262 suae
410 229 625 262 praefatione
650 229 837 270 notaverit,
875 228 1026 275 ejusdem
1050 231 1197 265 auctoris
1222 231 1327 266 Com-

180 291 364 326 mentarios
394 290 429 324 in
461 290 677 328 Ezechielem
711 301 744 325 et
774 290 956 324 Danielem
990 291 1157 326 contineri
1194 292 1228 326 in
1259 293 1326 326 hoc

182 354 256 400 ipso
283 352 426 395 Codice,
453 362 569 386 caveat
593 353 712 393 lector,
737 366 778 386 ne
806 365 864 386 eos
889 365 1025 399 quoque
1047 353 1178 400 Cyrillo
1202 367 1328 400 perpe-

180 429 252 449 ram
277 415 398 456 tribui,
429 415 549 449 itidem
573 424 611 449 ut
634 415 804 449 Homilias
829 414 863 448 in
887 414 1092 456 Jeremiam,
1123 424 1157 449 et
1179 417 1222 450 ad
1247 417 1328 451 Ori-

181 490 302 521 genem
327 476 500 523 pertinere
519 487 649 512 temere
669 477 855 511 existimet:
881 487 950 511 tam
967 477 1058 511 enim
1072 477 1210 523 Cyrilli,
1226 491 1327 525 quam

183 539 342 582 Origenis
367 553 438 574 esse
463 550 622 587 possunt:
655 553 692 573 re
725 540 797 586 ipsa
823 539 951 586 quippe
975 539 1010 573 in
1037 552 1155 574 omnes
1179 540 1329 586 prophe·

181 612 230 636 tas
254 602 427 647 scripsisse
463 604 572 637 fertur
605 602 773 651 Cyrillus,
807 612 841 635 ct
867 601 936 648 ejus
962 602 1063 636 etiam
1088 602 1124 636 in
1147 602 1330 638 Danielem

183 665 350 699 Homilias
377 666 410 699 in
435 666 595 700 Vaticana
619 665 837 714 Bibliotheca
861 663 987 698 servari
1011 664 1114 698 tradit
1137 664 1251 699 Sixtus
1267 666 1329 700 Se-

183 727 296 760 nensis
322 727 398 761 libr.
425 729 483 763 lv.
513 728 673 763 biblioth.
708 728 740 761 in
773 727 921 772 cyrillo.
970 727 1034 760 Rei
1065 727 1241 761 veritatem
1272 729 1328 762 vel

182 789 312 831 sciunt,
346 791 399 823 vel
431 791 517 824 scire
548 800 693 837 possunt
723 789 952 827 Scorialenses
982 789 1035 823 illi
1058 789 1330 838 Hieronymiani,

182 851 241 896 qui
263 851 314 886 his
338 853 502 887 thesauris
526 854 698 888 incubant.

274 914 332 949 VI.
382 916 420 948 ln
447 916 631 950 duodecim
654 916 838 962 prophetas
871 914 989 958 viginti
1020 914 1170 960 quinque
1196 914 1329 962 ἐξηγή-

183 988 278 1012 σεων
303 977 460 1020 origenis
488 978 659 1012 volumina
683 992 784 1011 manu
808 977 982 1023 Pamphili
1006 986 1138 1011 exarata
1161 977 1328 1023 reperisse

181 1051 217 1072 se
248 1049 360 1073 narrat
392 1040 625 1088 Hieronymus
659 1041 734 1075 libr.
777 1041 819 1074 de
852 1040 966 1085 script.
1004 1040 1124 1074 eccles.
1159 1053 1231 1086 cap.
1261 1040 1328 1083 86„

182 1102 298 1146 plures
330 1112 442 1136 tamen
479 1102 653 1148 scripsisse
685 1102 926 1137 Adamantium
963 1101 1129 1144 significat
1159 1101 1328 1137 Eusebius

182 1163 257 1197 libr.
285 1165 344 1197 VI.
370 1165 499 1199 Histor.
527 1179 598 1211 cap.
624 1165 679 1201 36.
714 1163 806 1205 Totis
831 1178 866 1201 τε
892 1167 941 1204 εἰς
965 1163 1047 1204 τοὺς
1065 1162 1208 1200 δώδεκα
1231 1179 1329 1213 προ-

182 1225 299 1272 φήτας
324 1225 459 1273 τόμους
484 1226 683 1269 συντάττει,
706 1227 772 1275 [ἔφ’
802 1220 853 1263 ὧν
876 1226 1015 1272 μόνους
1039 1226 1198 1274 εὕρομεν
1219 1230 1327 1265 πέντε

181 1291 243 1323 καὶ
268 1292 394 1325 εἴκοσι.
444 1292 483 1324 In
518 1291 643 1325 Oseam
675 1290 841 1324 nonnulla
871 1288 1043 1334 scripsisse
1068 1289 1194 1330 fertur,
1224 1298 1326 1336 atque

179 1350 263 1384 item
287 1351 321 1385 in
346 1353 563 1395 Zachariam,
594 1367 657 1387 nec
682 1366 752 1386 non
777 1361 810 1385 et
834 1352 868 1385 in
892 1349 1115 1385 Malachiam:
1139 1360 1240 1397 atque
1264 1352 1326 1386 hos

183 1412 457 1448 Commentarios
490 1429 506 1449 e
531 1415 651 1458 viginti
676 1415 825 1461 quinque
857 1413 1063 1459 ἐξηγήσεων
1093 1413 1232 1447 illarum
1264 1428 1327 1448 nu-

180 1489 276 1510 mero
309 1477 411 1511 fuisse
442 1479 622 1515 arbitror.-
647 1479 686 1512 In
720 1478 846 1513 Oseam
881 1477 964 1523 quid
997 1486 1242 1510 commentatus
1273 1477 1326 1520 sit,

180 1539 230 1572 his
248 1540 360 1574 verbis
378 1541 479 1575 tradit
492 1541 722 1588 Hieronymus
736 1541 897 1575 Proocm.
913 1540 1109 1574 Comment.
1126 1539 1162 1573 in
1180 1539 1323 1574 oseam:

182 1602 367 1645 »Origenes
392 1618 537 1649 parvum
562 1605 604 1637 de
629 1604 695 1637 hoe
719 1604 888 1649 propheta
912 1603 1046 1649 scripsit
1075 1602 1243 1644 libellum,
1268 1603 1323 1637 cui

181 1665 269 1697 hunc
298 1666 437 1700 titulum
463 1667 648 1713 imposuit:
681 1669 765 1713 περὶ
791 1669 853 1702 τοῦ
878 1668 956 1706 πῶς
980 1663 1183 1710 ὠνομάσθη
1207 1666 1248 1701 ἒν
1272 1669 1322 1712 τῷ

177 1728 281 1771 Ὠσηὲ
305 1728 485 1775 Ἰἱᾳραῖμ-
515 1731 632 1764 volens
657 1731 836 1764 ostendere
855 1741 1076 1776 quaecunque
1101 1738 1219 1763 contra
1243 1742 1322 1763 eum

180 1790 350 1832 dicuntur,
375 1793 416 1825 ad
441 1794 692 1828 haereticorum
717 1793 896 1827 referenda
920 1805 1113 1838 personam.
1159 1792 1204 1826 Et
1227 1792 1322 1825 aliud

180 1853 341 1887 volumen
367 1855 557 1902 ἀκέφαλον
581 1859 643 1891 καὶ
671 1856 874 1897 ἀτέλεστον,
900 1855 993 1901 quod
1019 1864 1052 1887 et
1076 1853 1186 1899 capite
1211 1863 1322 1887 careat

179 1925 213 1949 et
237 1917 334 1951 fine«
395 1918 500 1951 Addit
532 1928 724 1964 praeterea:
761 1918 854 1962 »Qui
882 1916 1084 1963 (Didymus)
1115 1924 1182 1950 tres
1214 1915 1322 1950 libros

179 1992 234 2012 me
258 1989 396 2024 petente
422 1980 571 2022 dictavit,
598 1981 746 2027 quinque
780 1992 917 2026 quoque
943 1979 1026 2011 alios
1053 1977 1085 2011 in
1110 1977 1318 2012 Zachariam.

179 2042 264 2074 Nam
290 2050 323 2074 et
347 2042 380 2075 in
406 2042 515 2088 ipsum
542 2045 611 2077 duo
637 2053 766 2076 tantum
786 2042 949 2085 Origenes
973 2040 1109 2086 scripsit
1132 2038 1319 2080 volumina,

181 2104 234 2138 vix
258 2104 393 2138 tertiam
423 2115 555 2151 partem
589 2119 607 2139 a
630 2105 802 2151 principio
836 2104 914 2138 libri
945 2116 1050 2150 usque
1082 2103 1125 2137 ad
1149 2090 1316 2136 visionem

178 2166 414 2213 quadrigarum
446 2168 666 2203 edisserens.«
717 2168 810 2202 Idem
852 2167 885 2200 in
917 2165 1070 2210 Prologo
1102 2165 1145 2200 ad
1168 2164 1317 2210 primum

179 2229 510 2265 Commentariorum
542 2230 576 2264 in
608 2231 822 2266 Zachariam:
857 2229 1019 2276 »Scripsit
1053 2230 1087 2263 in
1118 2228 1206 2264 hunc
1235 2240 1316 2274 pro-

176 2291 314 2342 phetam
339 2293 503 2340 Origenes
528 2295 596 2333 duo
621 2295 796 2332 volumina
819 2307 927 2345 usque
952 2295 993 2330 ad
1019 2292 1154 2332 tertiam
1177 2301 1310 2342 partem
