1413 2482
189 86 258 122 250
464 84 506 117 IN
530 83 692 116 Αροιοῡ.
715 80 851 115 8Ακετι
875 80 1054 115 ΡΑΜριῑιιι

191 190 266 211 mae
291 176 446 210 homines
471 183 590 220 putes,
629 182 662 206 et
695 173 736 205 ab
768 183 840 204 uno
877 171 964 204 alter
992 183 1120 205 nomen
1148 171 1328 217 acceperit.

194 238 382 284 Quomodo
414 236 517 279 igitur
549 235 638 268 inter
670 247 704 268 se
737 234 913 267 dissentire
937 242 1142 278 potuerunt,
1164 243 1204 268 ut
1226 234 1332 268 Euse-

191 302 268 335 bius
293 301 329 333 in
352 308 428 332 toto
454 310 558 344 opere
583 309 644 330 suo
678 295 862 338 Origenem
893 295 1010 329 Ariani
1040 295 1166 341 probet
1195 295 1333 339 dogma-

192 364 252 405 tis;
276 371 311 395 et
333 360 532 407 Pamphilus
557 359 724 393 Nicaenae
748 358 887 406 synodi,
912 370 996 403 quae
1020 357 1087 390 fuit
1110 366 1246 402 postea,
1275 359 1334 392 de-

192 422 389 459 fensorem?
427 423 478 457 Ex
503 434 571 468 quo
598 421 790 455 ostenditur
814 420 867 453 vel
892 419 1051 467 Didymi,
1074 418 1131 452 vel
1155 418 1335 466 cujuslibet

193 487 333 521 alterius
359 498 429 519 esse
455 485 678 530 opusculum,
709 483 767 529 qui
791 496 846 516 sex
870 482 1040 516 librorum
1065 481 1175 528 capite
1199 482 1337 533 detrun-

194 559 290 590 cato,
322 558 432 583 cetera
456 548 609 580 membra
640 546 808 580 sociarit.«
857 545 996 579 Nullam
1021 558 1101 588 ergo
1125 544 1278 578 haeresin
1301 544 1337 578 in

196 625 235 645 ea
266 610 382 644 Rufini
414 609 713 655 interpretatione,
750 609 884 641 nullum
918 607 1132 648 scandalum,
1164 607 1338 641 nullamve

193 672 438 718 blasphemiam
472 682 554 706 tunc
584 671 777 717 reperiebat
810 670 1048 717 Hieronymus.
1102 669 1242 703 Exstant
1266 670 1339 715 qni-

195 737 275 769 dem
300 736 369 769 duo
396 734 608 775 testimonia,
647 734 707 766 ubi
735 732 845 766 Filius
878 731 987 764 Patris
1017 731 1173 765 minister
1196 731 1338 765 dicitur:

196 799 257 832 sed
281 798 369 831 illud
393 796 631 842 blasphemum
656 795 724 828 dici
748 792 870 835 nolim,
895 795 987 839 quod
1013 803 1091 827 ante
1108 804 1142 827 et
1157 803 1237 840 post
1247 794 1340 830 Con-

196 861 313 895 cilium
335 860 525 893 Nicaenum
552 858 730 892 Catholice
755 857 885 890 dictum
910 866 977 899 est;
1008 856 1102 901 quod
1126 856 1340 901 Theophilus

194 922 441 963 Antiochenus,
467 922 560 968 quod
584 920 753 961 Jusfinus,
778 920 873 965 quod
896 920 1075 960 Irenaeus,
1099 919 1194 964 quod
1218 918 1342 952 Orien—

195 986 280 1019 tales
303 985 338 1018 in
364 984 521 1030 exemplo
546 984 628 1017 fidei
653 992 770 1016 contra
789 981 986 1022 Photinum,
1010 982 1173 1026 quodque
1190 980 1341 1014 Hilarius

197 1058 230 1082 et
255 1047 455 1081 Athanasius
486 1046 630 1080 Arianae
655 1045 800 1079 haeresis
823 1044 979 1078 acerrimi
1003 1044 1274 1089 impugnatores,
1298 1056 1340 1076 eo

197 1123 308 1153 sensu,
333 1123 402 1156 quo
429 1109 605 1152 Origenes,
631 1107 799 1148 dixerunt,
823 1117 863 1140 ut
886 1107 973 1140 infra
997 1105 1188 1140 videbimus
1212 1105 1247 1138 in
1263 1104 1340 1139 Ori-

198 1172 328 1216 genian.
354 1172 415 1209 lib.
438 1172 483 1206 Il.
512 1185 583 1218 cap.
608 1171 639 1206 2.
666 1179 791 1216 quaest.
816 1170 848 1206 2.
876 1183 969 1203 num.
996 1169 1049 1204 14.
1099 1167 1206 1212 Quod
1228 1177 1343 1201 autem

198 1235 245 1269 ait
267 1235 516 1282 Hieronymus,
552 1233 721 1279 Spiritum
756 1242 908 1267 sanctum
939 1233 975 1266 in
1006 1244 1047 1265 eo
1073 1231 1249 1264 volumine
1272 1243 1344 1264 nou

199 1299 242 1331 de
268 1298 387 1331 eadem
411 1297 520 1331 Patris
544 1296 698 1342 Filiique
722 1295 908 1330 substantia
934 1295 1012 1335 dici,
1036 1294 1071 1327 id
1091 1306 1258 1339 nusquam
1281 1293 1344 1326 ho-

200 1360 255 1394 die
279 1360 460 1406 reperitur,
485 1356 548 1393 nee
570 1369 686 1392 tamen
711 1358 793 1392 inde
819 1357 1092 1391 concludendum
1108 1369 1198 1397 reor,
1225 1369 1343 1402 quem-

201 1424 389 1457 admodum
422 1422 561 1470 conjicit
591 1422 801 1467 Huetius,¹)
835 1435 873 1455 ea
904 1420 1008 1455 fuisse
1039 1434 1058 1454 a
1088 1420 1215 1454 Rufino
1240 1432 1344 1463 erasa,

202 1501 270 1533 quo
297 1500 434 1520 omnem
460 1486 757 1533 querelae'ansam
780 1482 1003 1531 praecideret.
1050 1483 1227 1529 Numquid
1251 1483 1342 1518 enim

199 1550 362 1591 Rufinus,
393 1549 450 1595 qui
478 1549 513 1582 in
543 1549 607 1582 illo
631 1548 707 1594 ipso
739 1548 829 1582 libro
854 1548 1011 1591 religiose
1035 1548 1226 1594 profitetur,
1251 1549 1345 1594 quod

201 1622 336 1647 »sancta
361 1612 509 1647 Trinitas
536 1624 714 1662 coaeterna
737 1601 798 1656 sit}
825 1623 858 1647 et
880 1612 979 1646 unius
1002 1621 1153 1653 naturae,
1176 1610 1344 1656 uniusque

200 1675 333 1709 virtutis
359 1685 393 1708 et
415 1677 652 1718 substantiae,«
679 1685 779 1722 atque
803 1676 902 1710 aliter
926 1675 1065 1710 docenti
1086 1674 1262 1708 anatliema
1285 1675 1345 1708 de-

200 1741 344 1782 nuntiat,
369 1742 455 1774 adeo
480 1742 636 1788 stupidus
662 1754 731 1775 esse
747 1741 872 1786 potuit,
896 1749 935 1773 ut
948 1749 1017 1773 tam
1030 1739 1170 1784 spissam
1186 1739 1345 1784 blasphe-

201 1805 307 1839 miam
336 1805 371 1837 in
401 1818 461 1837 sua
491 1805 711 1838 translatione
741 1807 905 1849 poneret,
951 1812 985 1835 et
1021 1803 1146 1847 absque
1171 1802 1344 1835 monitore

201 1869 416 1914 Hieronymo
441 1880 510 1900 non
543 1866 851 1900 animadverteret?
897 1865 1048 1906 Deinde,
1079 1864 1108 1898 si
1134 1877 1206 1898 eam
1232 1877 1250 1898 e
1276 1864 1343 1899 Co-

202 1931 335 1964 dicibus
355 1931 423 1963 suis
448 1930 617 1975 expunxit,
642 1930 733 1962 unde
758 1929 859 1972 igitur
884 1928 1013 1968 evenit,
1050 1937 1086 1961 ut
1111 1928 1248 1961 nullum
1273 1926 1344 1974 ejus

203 1994 317 2040 operis
342 1992 513 2038 exemplar
538 1993 642 2026 hodie
668 2001 791 2032 exstet,
824 1991 857 2025 in
884 2004 951 2037 quo
976 1990 1185 2036 blasphemia
1208 1990 1268 2024 illa
1292 2003 1343 2023 re-

204 2056 377 2104 periatur?
406 2057 492 2089 Nam
517 2055 618 2098 longe
648 2056 783 2100 lateque
809 2055 957 2100 dispersa
988 2055 1123 2087 fuerant
1145 2052 1344 2087 Rufinianae

204 2119 369 2154 versionis
401 2118 622 2164 exemplaria,
662 2128 841 2164 autequam
875 2118 962 2151 illud
988 2117 1152 2163 objiceret
1174 2117 1344 2163 Hierony-

205 2196 290 2217 mus.
336 2183 427 2216 Num
452 2181 635 2216 verisimile
660 2191 724 2222 est,
760 2182 922 2215 Rufinum
946 2180 1098 2227 potuisse
1123 2192 1241 2213 omues
1265 2178 1342 2213 illos

303 2314 335 2364 ¹)
362 2314 431 2351 Csr.
457 2314 649 2360 Origcnian.
675 2314 734 2350 lib.
759 2313 802 2348 Il.
829 2323 955 2365 quaest.
982 2312 1034 2353 14.
1058 2325 1150 2347 num.
1176 2310 1228 2349 16.
