1422 2472
371 65 683 98 Omm-:mmonum
715 64 827 97 Lmen
842 63 903 96 ΠΙ.
1133 63 1194 99 191

72 157 229 190 duntaxat
259 156 475 188 continebant
512 168 550 187 ex
586 154 671 194 illis,
709 166 834 198 eosque
871 151 1104 198 potissimum,
1140 154 1197 198 qui

71 218 218 251 versibus
244 226 396 250 constant
419 217 508 261 apud
532 217 717 250 Hebraeos.
764 215 814 248 En
839 215 900 247 tibi
933 224 1052 246 testem
1075 214 1198 247 Hiero-

68 347 122 380 De
147 346 290 391 septima
314 345 349 378 in
365 344 594 378 Pentateucho
620 343 705 376 nihil
730 343 850 376 hodie:
875 352 990 375 utrum
1008 355 1087 375 vero
1113 343 1196 376 olim

68 403 205 436 affuerit
227 402 410 445 ignoratur.
456 401 593 433 Praeter
617 400 719 432 hosce
743 400 848 433 libros
872 398 931 431 ubi
954 398 1058 431 trium
1083 409 1197 444 poste-

67 460 195 492 riorum
220 458 407 491 editionum
432 456 569 498 vestigia
592 456 789 501 reperimus,
814 457 848 489 in
874 455 947 489 aliis
972 455 1073 488 etiam
1098 455 1196 488 exsti-

68 515 146 548 tisse
176 514 365 547 subindicat
395 513 626 557 Hieronymus
660 512 850 546 Comment.
875 512 909 544 in
941 511 1037 555 epist.
1070 512 1112 543 ad
1137 512 1196 544 Ti-

67 581 187 603 tum:«
217 585 234 599 »
247 570 433 603 »Nonnulli
457 582 537 602 vero
562 567 658 607 libri,
683 567 813 612 inquit,
838 577 872 600 et
894 567 1036 600 maxime
1060 567 1112 607 hi,
1138 567 1194 612 qui

66 627 156 672 apud
181 626 354 659 Hebraeos
378 639 476 659 versu
500 623 680 669 compositi
704 632 796 663 sunt,
830 633 896 656 tres
921 624 1001 656 alias
1027 623 1194 656 editiones

66 683 193 715 additas
217 682 357 721 habent,
388 694 488 726 quam
512 680 679 725 quintam,
713 688 746 711 et
776 688 919 720 sextam,
950 689 983 712 et
1015 678 1195 723 septimam

65 737 317 771 translationem
341 746 477 777 vocant,
507 735 742 769 auctoritatem
774 735 844 767 sine
874 735 1069 768 nominibus
1093 735 1197 767 inter-

63 802 198 838 pretum
223 782 476 826 consecutas.«⁴‹
528 792 597 824 »Ex
623 791 717 824 libris
742 801 853 824 tamen
872 805 969 824 versu
995 790 1195 835 conscriptis

63 849 129 883 soli
151 849 278 882 Psalmi
300 849 404 882 trium
426 847 656 894 posteriorum
687 847 1005 893 interpretationum
1037 847 1195 892 reliquias

62 907 267 951 praeferunt.
314 905 352 938 ln
375 906 444 939 Job
468 914 580 938 autem
605 913 639 937 et
662 905 867 944 Proverbiis,
894 905 955 937 etsi
979 904 1092 948 ampla
1116 903 1196 936 alia-

62 976 138 995 rum
163 962 352 996 editionum
376 975 467 1004 seges
493 962 668 1000 offeratur,
692 961 776 994 nihil
802 961 905 994 hodie
932 962 973 993 de
997 960 1103 993 tribus
1127 959 1195 992 illis

63 1018 242 1064 postremis
275 1017 514 1062 interpretibus
549 1026 710 1062 superest.
765 1016 803 1050 Si
835 1026 961 1049 stemus
991 1016 1193 1063 Hieronymi

64 1074 191 1114 verbis,
222 1073 257 1106 in
280 1073 320 1106 iis
345 1073 455 1113 libris,
485 1073 545 1106 ubi
567 1073 629 1105 hae
652 1081 842 1117 postremae
867 1072 1034 1105 editiones
1058 1073 1196 1105 adhibe-

63 1131 202 1171 bantur,
235 1139 302 1162 tres
326 1141 460 1174 semper
485 1130 640 1168 aderant,
670 1141 732 1160 nec
757 1128 872 1173 quinta
897 1128 968 1161 sine
993 1137 1100 1169 sexta,
1130 1142 1194 1162 nec

62 1195 204 1230 utraque
228 1185 298 1218 sine
321 1185 463 1229 septima
488 1185 603 1218 locum
626 1185 757 1230 uspiam
781 1185 934 1217 habebat.
971 1184 1096 1217 Verum
1113 1185 1196 1218 haec

63 1242 290 1288 Hieronymus
313 1242 500 1274 admodum
523 1242 755 1286 perfunctorie
780 1241 943 1280 narravit,
975 1253 1037 1272 nec
1061 1240 1195 1274 videtur

65 1297 135 1343 ejus
159 1297 390 1330 testimonium
416 1298 455 1330 ad
482 1311 538 1337 ea,
569 1311 654 1342 quae
686 1311 787 1343 supra
818 1298 904 1330 dicta
936 1305 1029 1335 sunt,
1061 1298 1193 1341 penitus

64 1354 226 1398 quadrare
250 1366 367 1398 posse,
393 1354 419 1386 si
444 1354 581 1398 quidem
607 1355 652 1387 ait
677 1355 756 1394 ille,
787 1353 820 1386 in
844 1352 1018 1385 nonnullis
1043 1352 1137 1386 libris
1162 1363 1195 1387 et

60 1410 204 1443 maxime
229 1410 278 1448 iis,
303 1410 359 1454 qui
384 1423 482 1443 versu
508 1410 690 1455 compositi
714 1420 801 1449 sunt,
826 1419 892 1442 tres
911 1408 990 1440 alias
1017 1409 1194 1451 editiones,

61 1479 184 1511 nempe
209 1466 375 1511 quintam,
405 1476 550 1506 sextam,
582 1477 615 1499 et
639 1467 817 1512 septimam
843 1464 971 1498 additas
994 1465 1117 1507 fuisse3
1148 1466 1195 1500 ita

61 1531 98 1554 ut
123 1535 161 1554 ex
185 1521 255 1567 ejus
279 1521 389 1554 verbis
414 1522 530 1555 inferri
554 1536 653 1568 posse
678 1522 849 1561 videatur,
881 1520 1061 1553 maximam
1085 1523 1194 1556 Hexa-

60 1577 198 1622 plorum
221 1586 369 1622 partem,
398 1578 459 1611 ubi
488 1588 555 1612 tres
580 1579 658 1612 illae
690 1578 855 1611 editiones
886 1577 1019 1610 additae
1051 1579 1193 1620 fuerant,

62 1645 131 1666 esse
154 1633 260 1666 libros
282 1634 458 1667 metricos:
482 1647 605 1679 nempe
628 1635 707 1674 Job,
732 1634 906 1673 Psalmos,
933 1642 965 1665 et
988 1633 1192 1669 Proverbia:

61 1698 94 1722 et
127 1698 239 1722 tamen
274 1689 492 1735 apertissimis
531 1691 692 1736 exemplis
728 1689 881 1735 superius
916 1681 1098 1734 probatum
1133 1701 1193 1732 est,

61 1744 135 1778 illas
159 1745 326 1779 editiones
350 1746 488 1780 affuisse
513 1746 547 1779 in
571 1747 815 1785 Pentateucho,
839 1746 871 1778 in
891 1745 1066 1790 prophetis
1083 1747 1193 1780 mino-

62 1800 171 1842 ribus,
207 1811 240 1834 et
274 1801 309 1834 in
343 1802 506 1844 Canticis;
543 1816 580 1836 ex
618 1803 711 1836 libris
742 1815 822 1835 vero
859 1802 1007 1835 metricis
1038 1803 1194 1838 Psalmos

61 1866 190 1890 tantum
213 1858 315 1891 trium
338 1859 473 1892 illarum
500 1859 688 1892 editionum
711 1859 881 1904 reliquias,
907 1867 941 1890 et
965 1859 1102 1904 quidem
1126 1862 1193 1894 fre-

63 1914 293 1957 quentissimas
316 1915 505 1960 praeferre3
527 1916 597 1948 Job
621 1925 746 1956 autem,
772 1925 805 1948 et
823 1915 1020 1956 proverbia,
1046 1930 1192 1962 quorum

62 1969 204 2003 maxim-’t
226 1970 412 2004 lectionum
438 1971 679 2016 Hexaplarium
710 1972 792 2005 silva
811 1981 992 2016 superest,
1023 1985 1065 2005 ne
1095 1974 1195 2007 vesti-

63 2024 152 2067 gium
177 2025 314 2070 quidem
336 2027 439 2060 trium
462 2027 599 2061 illarum
624 2028 814 2061 editionum
845 2029 979 2062 habere.
1027 2029 1088 2062 His
1114 2043 1195 2063 con-

63 2081 183 2126 spectis
206 2094 306 2114 nemo
331 2084 520 2126 negaverit,
552 2086 735 2119 admodum
761 2086 902 2119 difficile
926 2099 1014 2127 esse,
1038 2086 1193 2131 superius

62 2137 162 2170 allata
193 2139 345 2183 exempla
377 2153 453 2174 cum
483 2142 595 2175 verbis
626 2141 827 2189 Hieronymi
864 2142 1056 2176 conciliare.
1106 2142 1193 2175 Cum

62 2203 175 2226 autem
211 2195 350 2228 omnino
387 2205 515 2230 certum
545 2198 608 2239 sit,
648 2197 831 2240 origenem
861 2211 931 2232 non
962 2199 996 2232 in
1035 2198 1192 2232 omnibus

62 2250 255 2296 Scripturae
281 2250 375 2284 libris
399 2260 466 2285 tres
482 2252 556 2287 illas
571 2253 864 2299 interpretationes
882 2254 1053 2301 adjecisse,
1076 2255 1190 2300 quaeri
