1422 2472
381 72 570 105 Aponossm
593 79 664 104 mzo
690 70 867 103 Omnem.
1129 70 1195 105 305

61 172 133 192 eam
159 172 328 204 quaerere,
353 160 410 204 qui
437 173 506 192 eam
525 159 614 192 falsis
641 158 858 203 opinionibus
875 159 1074 199 asserebant,
1098 169 1190 204 post—

60 233 198 265 eaquam
230 221 432 254 credidimus
462 221 635 266 Filium')
667 233 737 254 esse
767 221 834 253 Dei
868 220 1054 263 Christum,
1089 229 1123 253 et
1147 222 1189 253 ab

59 282 133 326 ipso
159 282 256 315 nobis
292 283 376 315 hanc
415 283 606 315 discendam
632 295 701 315 esse
733 281 976 327 persuasimus:
1013 281 1079 324 ita,
1112 295 1188 315 cum

58 344 157 376 multi
182 344 256 384 sint,
282 344 338 389 qui
363 358 397 377 se
422 354 540 389 putant
552 345 586 389 ²)
618 343 741 377 sentire
773 357 856 389 quac
890 343 1014 376 Christi
1037 352 1131 383 sunt,
1156 353 1188 376 et

57 406 212 438 nonnulli
236 418 354 438 eorum
380 406 508 439 diversa
531 419 549 439 a
570 405 740 451 prioribus
764 406 918 444 sentiant,
934 414 1085 437 servetur
1108 417 1187 437 vero

59 467 281 500 ecclesiastica
304 467 511 512 praedicatio
535 480 597 511 per
621 465 837 499 successionis
862 465 1016 498 ordinem
1033 467 1074 498 ab
1098 468 1189 510 Apo-

57 528 153 561 stolis
178 529 307 569 tradita,
332 539 365 561 et
388 542 494 574 usque
517 529 558 561 ad
583 541 740 573 praesens
758 528 790 560 in
805 526 952 560 ecclesiis
972 539 1188 571 permanens:

58 589 116 622 illa
139 590 211 622 sola
235 591 400 623 credenda
426 600 475 623 est
502 590 640 630 veritas,
673 602 757 634 quae
790 588 821 620 in
845 589 941 620 nullo
965 589 1007 620 ab
1021 588 1055 632 ³)
1080 588 1186 620 eccle—

57 651 185 684 siastica
210 652 390 684 traditione
416 651 595 685 discordat.

146 713 238 745 Illud
262 723 373 746 autem
387 713 420 757 ⁴)
444 712 528 745 scire
550 721 698 756 oportet,
723 711 883 756 quoniam
907 710 1011 743 sancti
1026 710 1188 754 Apostoli

55 773 157 806 fidem
182 774 305 808 Christi
327 767 577 818 praedicantes,
607 774 648 806 de
683 773 882 817 quibusdam
908 771 1061 816 quidem,
1086 784 1188 816 quae·

57 847 187 880 cunque
226 836 410 868 necessaria
451 834 683 874 crediderunt,
723 834 880 866 omnibus
916 832 1187 877 credemibus,⁵)

56 896 156 929 etiam
180 897 248 937 his,
278 897 336 942 qui
359 896 523 942 pigriores
549 909 625 938 erga
648 894 902 941 inquisitionem
928 894 1059 927 divinae
1082 893 1188 926 scien-

56 959 121 991 tiae
146 958 361 998 videbantur‚
391 957 660 991 manifestissime
683 956 912 996 tradiderunt,
936 955 1100 988 rationem
1124 954 1188 987 sci·

57 1020 140 1052 licet
162 1020 350 1052 assertionis
382 1032 500 1051 eorum
529 1018 755 1062 relinquentes
787 1019 827 1050 ab
861 1017 911 1049 his
942 1016 1187 1061 inquirendam,

59 1081 115 1126 qui
129 1082 161 1125 ⁶)
195 1082 341 1126 Spiritus
373 1081 461 1112 dona
492 1079 709 1118 excellentia,
750 1088 783 1111 et
806 1077 988 1122 praecipue
1011 1077 1186 1117 sermonis,

57 1143 256 1187 sapientiae,
289 1152 322 1175 et
345 1142 503 1175 scientiae
527 1155 589 1185 per
613 1141 722 1186 ipsum
747 1139 912 1184 Spiritum
936 1148 1087 1171 sanctum
1111 1151 1188 1182 per-

58 1205 170 1249 cipere
195 1206 427 1236 merebantur:
462 1203 504 1235 de
535 1202 608 1235 aliis
644 1215 722 1234 vero
749 1201 903 1233 dixerunt
927 1199 1082 1245 quidem,
1109 1200 1185 1245 quia

55 1267 137 1308 sint;
162 1267 335 1311 quomodo
360 1275 492 1304 autem,
517 1275 573 1296 aut
589 1264 622 1308 ⁷)
647 1264 735 1295 unde
760 1261 843 1302 sint,
868 1261 1047 1294 siluerunt:
1072 1262 1187 1306 profe-

56 1337 110 1359 cto
143 1337 178 1360 ut
209 1327 427 1360 studiosiores
459 1326 583 1371 quique
624 1338 662 1357 ex
693 1324 837 1369 posteris
869 1323 936 1356 suis
949 1323 983 1367 3)
1022 1332 1186 1356 amatores

152 1456 185 1500 ¹)
209 1455 271 1488 Ed.
298 1455 557 1498 Redcpenning:
584 1455 712 1487 Filium
736 1454 801 1486 Dei
825 1465 895 1485 esse
921 1453 1103 1485 Christum.

151 1511 184 1556 ²)
210 1511 296 1543 Edd.
322 1512 359 1544 M
392 1517 523 1555 putent.

150 1569 184 1610 ³)
210 1568 273 1600 Ed.
306 1566 566 1611 Redepenning:
598 1566 640 1598 ab
672 1566 903 1598 ecelesiastica
939 1571 970 1596 et
1001 1565 1186 1609 apostolica

59 1615 229 1647 discordat
255 1615 447 1646 traditione.
1130 1656 1133 1657 ⁷

152 1670 184 1713 ⁴)
210 1668 303 1701 Editi
329 1668 374 1712 (v.
402 1681 428 1700 e.
455 1668 530 1699 edd.
557 1667 624 1711 Μ.)
651 1676 683 1698 et
706 1667 785 1698 Mss.
811 1665 980 1709 plerique:
1007 1672 1128 1699 tamen.
1144 1667 1182 1699 R.

154 1727 186 1770 ⁵)
212 1726 316 1758 Deest
340 1723 584 1758 credentibus
576 1736 608 1755 m
635 1723 686 1754 ed.
712 1721 962 1765 Redepenning.

154 1782 187 1825 ⁶)
213 1781 268 1814 Sic
299 1793 414 1812 ornnes
446 1778 541 1823 hujus
575 1777 760 1822 Apologiae
794 1778 872 1810 Mss.
904 1786 936 1808 et
969 1777 1049 1809 editi
1082 1778 1129 1822 (ν.
1156 1792 1183 1811 c.

63 1828 138 1862 cdd.
165 1827 231 1867 Μ.)
264 1827 343 1859 Mss.
377 1838 455 1857 vero
489 1825 602 1856 libror
638 1837 719 1857 πειιι
750 1823 870 1866 ἀυχών
902 1835 1017 1854 ornnes
1046 1822 1185 1856 habent:

63 1875 120 1917 qui
146 1873 297 1916 Spiritus
330 1873 419 1904 dona
447 1871 649 1902 excellentia
680 1858 905 1908 witererentur,
938 1874 969 1900 et
996 1870 1184 1913 praecipue

62 1919 234 1958 sermonis,
260 1918 460 1960 sapientiae,
485 1922 516 1947 et
539 1916 734 1947 scientiae(
721 1915 872 1957 ¹qratiam.
895 1925 956 1956 per
969 1914 1107 1958 ipsum
1098 1916 1184 1957 Spi-

61 1965 168 1995 ritum
191 1969 345 1995 sanctum
365 1962 612 2006 percepissent:
636 1961 674 1991 de
700 1961 778 1992 aliis
803 1971 880 1991 vero
905 1966 965 1989 etc.
993 1959 1021 1990 R

155 2017 188 2061 7)
213 2018 297 2050 Edd.
326 2018 371 2051 M.
399 2024 430 2050 et
452 2018 540 2050 unde
564 2025 625 2047 etc.

157 2073 191 2116 ⁸)
217 2073 308 2105 Libri
334 2073 375 2104 de
400 2071 575 2116 Principiis
600 2081 664 2104 tam
692 2070 772 2103 editi
805 2071 850 2114 (e.
877 2085 903 2103 r.
931 2071 980 2103 ed.
1007 2070 1183 2114 Redepen-

64 2118 187 2159 ming).
221 2131 317 2161 quatu
344 2119 422 2150 Μ55.
444 2119 532 2158 suis,
565 2119 623 2169 qni
655 2123 820 2149 amatotes
851 2123 958 2149 essent
982 2117 1182 2160 sapientiae,

65 2165 264 2195 arere-ilium
289 2164 565 2206 haber-‚epossent
590 2164 627 2195 in
651 2174 714 2205 quo
730 2181 772 2185 ——
795 2164 945 2203 fructum
962 2163 1182 2202 ostenderent,

64 2210 97 2241 Ιιὶ
125 2227 166 2231 ——-
190 2215 221 2239 et
253 2219 393 2251 capaces
417 2209 462 2239 ad
490 2209 720 2251 recipiendam
751 2209 955 2250 sapientiam
985 2218 1182 2250 praepara-

66 2259 150 2285 rent.
199 2252 264 2284 Sed
298 2264 412 2283 omnes
443 2251 538 2296 hujus
569 2252 755 2295 Apologia-2
787 2252 865 2284 Mss.
897 2261 929 2283 et
963 2251 1044 2283 editi
1076 2253 1123 2296 (v.
1155 2264 1183 2283 c.

112 2316 287 2346 oniensis
312 2316 435 2346 OPERA
461 2313 556 2346 Tom.
581 2314 702 2345 XXIV,
947 2313 991 2346 2ss
