1413 2482
206 89 274 127 272
482 90 523 123 ΙΝ
549 89 706 124 Aroma.
733 89 868 124 Saum-1
892 89 1072 125 paurum

207 194 282 216 cere
307 192 362 214 me
387 179 562 225 poterit?«
611 180 641 214 E
665 180 744 213 stilo
777 180 917 226 quidem
939 193 1003 215 nos
1033 179 1137 214 hodie
1161 180 1347 227 dijudicare

205 257 275 277 non
304 256 502 289 possumus,
534 255 575 276 an
607 243 780 288 Pamphili
812 256 897 289 opus
928 243 989 287 sit;
1032 256 1150 278 verum
1179 243 1217 278 id
1246 244 1347 277 facile

205 317 277 340 erat
298 306 357 346 iis,
391 305 512 351 quibus
537 305 626 338 illud
651 319 728 339 cum
753 304 824 352 ejus
850 305 1021 352 epistolis,
1055 319 1140 352 quae
1162 306 1270 341 adhuc
1293 320 1348 340 su-

204 378 380 415 pererant,
414 368 570 402 conferre
594 368 764 411 integrum
788 378 869 402 erat.
916 370 993 415 Ipse
1018 369 1264 416 Hieronymus,
1289 369 1347 416 qui

203 432 239 466 id
264 432 376 478 ipsum
400 433 559 477 profecto
586 432 749 473 contulit,
782 445 928 467 asserere
952 444 1022 465 non
1047 446 1144 467 ausus
1171 442 1240 475 est,
1267 446 1347 468 eun-

204 497 282 529 dem
313 509 383 530 esse
416 495 497 529 libri
525 494 624 541 hujus
654 495 862 542 Eusebiique
893 496 1030 540 stilum3
1070 506 1104 530 et
1134 509 1170 530 re
1201 496 1275 543 ipsa
1305 498 1347 531 ab

201 559 343 593 Eusebii
370 559 473 593 saliva
496 558 675 605 paululum
701 558 851 592 diversus
875 558 969 593 abire
993 559 1137 594 videtur.

293 624 334 658 V.
372 622 500 668 Objicit
520 632 697 668 praeterea
721 621 950 669 Hieronymus
975 622 1036 656 lib.
1053 623 1097 657 ΙΙ.
1123 623 1251 658 advers.
1277 623 1347 658 Ru-

201 686 327 726 finum,
359 685 470 719 virum
495 685 730 720 doctissimum
756 685 945 720 Eusebium
971 685 1252 730 (doctissimum,
1275 701 1345 722 non

201 749 444 794 Catholicum)
468 762 531 795 per
557 762 632 783 »sex
658 748 834 783 volumina
857 748 943 782 nihil
969 748 1062 782 aliud
1087 762 1195 794 agere,
1218 751 1284 784 nisi
1307 761 1346 784 ut

201 812 387 856 Origenem
412 824 491 847 suae
516 813 672 846 ostendat
696 810 794 852 fides,
819 811 855 844 id
880 821 946 852 est,
972 811 1116 846 Arianae
1140 813 1342 859 perfidiae3«

198 876 328 910 nullam
354 889 432 919 ergo
466 875 563 923 hujus
601 875 712 921 operis
737 884 868 921 partem
900 875 943 908 ad
967 874 1187 921 Pamphilum
1217 886 1343 924 marty-

198 953 272 973 rem
295 939 485 986 perfinere,
520 938 612 985 cujus
644 938 748 972 fidem
778 939 903 984 probat
935 937 1086 973 ecclesia.
1132 938 1262 973 Eadem
1287 953 1343 973 re-

198 1003 286 1048 petit
311 1002 396 1036 locis
420 1015 522 1047 supra
547 1001 674 1042 citatis,
708 1011 742 1035 et
772 1001 854 1034 alibi
878 1001 1020 1047 passim,
1051 1001 1142 1035 unde
1167 1003 1344 1037 concludit

198 1066 325 1099 librum
349 1066 411 1099 sub
435 1064 609 1110 Pamphili
632 1064 772 1098 nomine
797 1065 939 1106 editum,
964 1065 1006 1098 ab
1031 1064 1145 1110 aliquo
1171 1064 1207 1098 in
1230 1066 1344 1099 Trini-

196 1137 266 1161 tate
293 1126 472 1162 Catholico
499 1127 600 1161 fuisse
627 1127 859 1169 emendatum,
896 1127 954 1173 qui
982 1127 1162 1173 plerasque
1186 1127 1344 1174 blasphe-

195 1191 280 1224 mias
305 1191 347 1224 de
371 1189 466 1224 Filio
493 1199 527 1223 et
550 1189 683 1236 Spiritu
707 1200 822 1224 sancto
847 1200 917 1223 tam
938 1189 1080 1232 Graece,
1107 1203 1208 1236 quam
1225 1192 1342 1225 Latine

195 1253 231 1286 in
260 1254 386 1287 bonam
426 1263 559 1298 partem
597 1254 824 1288 commutarit.
884 1253 955 1288 Sed
991 1252 1095 1286 fidem
1130 1253 1186 1286 hic
1217 1253 1343 1287 Hiero-

195 1329 298 1363 nymo
323 1316 518 1350 habendum
542 1329 612 1350 non
638 1330 726 1359 esse,
757 1316 971 1350 validissimis
1004 1316 1208 1360 argumentis
1233 1317 1342 1351 evinci

195 1389 320 1425 potest.
342 1376 373 1424 ¹)
420 1380 507 1413 Nam
538 1380 564 1413 Ῑ.
604 1379 748 1413 Photius
786 1379 914 1413 Codice
940 1379 1015 1415 118.
1046 1388 1206 1421 testatur,
1238 1393 1274 1414 se
1304 1380 1341 1413 in

195 1442 329 1476 Graeco
360 1442 480 1486 legisse
504 1442 675 1488 Pamphili
707 1443 860 1490 martyris
894 1451 928 1475 et
957 1441 1098 1476 Eusebii
1135 1442 1241 1477 libros
1272 1457 1339 1485 sex,

192 1506 229 1540 in
261 1506 383 1552 quibus
414 1505 507 1540 nulla
542 1501 684 1539 Arianae
718 1504 882 1551 perfidiae
906 1504 1045 1548 vestigia
1075 1514 1172 1540 notat
1204 1519 1340 1540 severus

195 1569 256 1603 ille
287 1582 425 1610 censor,
463 1570 522 1615 qui
560 1568 690 1614 alioqui
724 1569 758 1611 in
794 1568 940 1602 aliorum
976 1568 1109 1614 scriptis
1147 1578 1340 1603 constanter

193 1633 282 1666 solet
315 1633 457 1666 minima
490 1645 642 1678 quaeque
673 1619 943 1678 reprehendere,
982 1643 1066 1678 quae
1098 1631 1154 1665 vel
1188 1631 1338 1677 spetiem

193 1693 376 1727 Arianismi
406 1708 488 1740 prae
521 1708 555 1728 se
587 1696 707 1730 ferant.
764 1695 807 1730 ll.
838 1696 936 1728 Idem
971 1692 1114 1727 Pliotius
1148 1693 1234 1729 Cod.
1261 1694 1337 1730 117.

193 1766 343 1790 veterem
357 1758 527 1802 quendam
548 1767 722 1792 auctorem
745 1770 951 1805 anonymum
971 1768 1255 1799 commemorans,
1279 1758 1338 1803 qui

192 1819 401 1865 Apologiam
426 1820 546 1854 itidem
571 1834 635 1866 pro
662 1820 810 1864 Origene
837 1819 1101 1864 conscripserat,
1126 1820 1186 1861 ait,
1221 1829 1338 1854 aucto·

191 1895 266 1916 rem
289 1881 388 1915 illum
414 1881 449 1914 in
473 1883 645 1928 Apologia
669 1895 744 1923 sua,
776 1896 840 1929 pro
867 1882 1015 1924 Origene
1040 1882 1179 1928 ejusque
1203 1892 1337 1917 senten-

193 1945 249 1980 tiis
279 1957 443 1991 pugnasse
470 1945 671 1979 auctoritate
702 1956 776 1979 tum
807 1945 953 1979 aliorum
986 1945 1217 1991 antiquiorum
1241 1946 1334 1980 Scri-

191 2018 349 2055 ptorum,
392 2017 464 2042 tum
508 2008 676 2054 imprimis
712 2008 885 2054 Pamphili
922 2008 1077 2055 martyris
1124 2018 1157 2043 et
1191 2008 1334 2043 Eusebii

193 2072 429 2108 Caesariensis.
476 2074 636 2108 Μᾶλλον
660 2071 718 2117 δὲ,
746 2071 877 2117 inquit,
901 2073 974 2107 τῶν
999 2068 1120 2108 ἄλλων
1144 2070 1331 2117 ἁπάντων,

191 2140 382 2185 Παμφίλῳ
405 2148 442 2172 τε
466 2136 516 2181 τῷ
540 2134 697 2183 μάρτυρι
722 2135 959 2181 ἐπερείδεται,
984 2136 1046 2170 καὶ
1069 2137 1120 2180 τῷ
1142 2134 1330 2182 Εὖσεβίῳ·

189 2210 241 2239 ιιι
263 2199 443 2235 indubium
477 2198 561 2232 mihi
598 2197 768 2240 videatur,
798 2200 1015 2245 'anonymum
1047 2197 1148 2232 illum
1189 2199 1331 2232 eandem

288 2327 320 2371 ¹)
346 2325 418 2360 Csr.
435 2325 553 2360 Rullus
568 2325 608 2358 de
624 2324 706 2358 Filii
724 2326 772 2371 τῷ
793 2323 979 2372 ὁιιιοοινσίῳ
1002 2337 1073 2371 cap.
1086 2325 1148 2360 IX.
1173 2323 1328 2362 artic.20.
