1413 2482
170 84 238 121 218
504 84 617 117 Pss'rm
641 84 815 118 Damnatis
839 84 970 118 HussTu

171 175 291 220 inquit,
315 173 449 218 scripsit
461 172 688 213 Monobiblia,
712 176 796 219 περὶ
821 173 945 218 ἀρχῶν
966 174 1071 207 libros
1095 175 1210 214 duos‚«‹
1226 184 1301 214 etc„

171 237 264 282 quasi
289 236 442 269 dixisset:
484 235 568 268 Item
591 235 764 280 sequentia
786 236 922 280 scripsit
944 236 1174 282 Syntagmata,
1197 237 1299 282 (quae

171 308 205 331 et
229 298 403 342 Opuscula
428 297 551 330 deinde
570 297 711 344 Rufinus
735 297 913 342 appellat,)
936 310 1059 342 nempe
1087 297 1192 331 libros
1217 301 1300 342 περὶ

171 359 313 404 ἀρχῶν,
347 368 409 392 etc.
458 360 569 403 Atque
602 359 701 399 haec,
737 359 829 404 quod
860 371 929 392 non
958 358 1105 392 aliorum
1134 358 1299 393 librorum

171 434 283 453 caussa
309 429 417 453 essent
442 420 626 459 elaborata,
650 433 713 453 nec
737 420 811 453 aliis
829 419 1039 466 adjungenda
1063 429 1173 454 essent
1195 421 1301 461 libris,

171 481 362 528 cujusmodi
387 491 480 515 erant
504 482 701 524 Exegetica3
725 483 784 515 sed
808 483 950 527 proprio
977 481 1229 515 continerentur
1251 495 1302 516 ar-

170 554 350 588 gumento,
382 554 415 577 et
445 544 532 577 circa
555 544 762 589 peculiarem
786 536 850 576 sibi
882 543 1056 577 materiem
1082 553 1302 584 versarentur,

170 607 299 640 idcirco
331 607 548 640 Monobiblia
577 606 748 651 appellata
777 615 864 640 sunt.
912 606 982 640 Sed
1015 606 1097 639 haec
1127 619 1190 651 pro
1223 619 1303 640 con-

169 669 298 715 jectura
322 668 436 702 haberi
462 668 554 701 volo.

258 732 313 764 Ad
336 740 549 776 postremum
573 729 769 763 Vincentius
785 729 1045 762 'Bellovacensis
1069 729 1209 774 Speculi
1241 730 1302 763 do-

169 793 317 826 ctrinalis
342 793 408 826 libr
444 792 494 827 18.
529 805 599 836 cap.
624 791 679 827 43.
727 791 882 833 Origenis
913 791 1182 831 lucubrationes,
1216 804 1301 836 quae

168 856 210 888 ad
234 868 293 888 sua
316 863 538 900 pervenerant
560 863 735 898 tempora,
768 866 982 893 enumerans.
1012 853 1060 886 sic
1091 853 1300 898 auspicatur:

171 917 362 961 »Apologia
386 929 448 961 pro
474 929 525 955 se,
559 925 719 948 tractatus
745 916 795 950 1.«
843 915 1029 948 Doctrinae
1060 915 1198 960 quidem
1222 928 1300 948 suae

169 980 399 1012 defensionem
424 979 466 1011 ad
489 977 678 1011 Fabianum
697 978 824 1022 Papam
850 977 976 1010 misisse
994 978 1177 1020 Origenem
1201 991 1302 1022 supra

168 1042 376 1074 notavimus:
413 1053 454 1072 an
490 1053 526 1073 ea
563 1040 614 1072 his
654 1039 861 1081 significetur
893 1039 1062 1072 Vincentii
1098 1039 1226 1080 verbis,
1259 1053 1301 1072 an

168 1103 262 1136 aliud
287 1102 463 1147 quippiam
486 1114 589 1145 opus,
614 1101 723 1134 lector
747 1100 919 1145 perspicax
945 1100 1134 1134 arbitretur.

257 1165 321 1197 XI.
358 1163 502 1197 Minime
527 1175 607 1196 vero
633 1163 668 1195 in
701 1163 789 1196 hunc
815 1175 950 1195 censum
976 1163 1185 1196 conserenda
1210 1162 1303 1196 vide-

167 1235 261 1259 retur
285 1239 355 1259 esse
374 1225 572 1266 philocalia,
595 1235 632 1258 ut
657 1237 742 1269 quae
767 1224 928 1258 aBasilio
954 1233 987 1258 et
1004 1224 1171 1266 Gregorio
1189 1225 1303 1259 Theo-

168 1289 247 1330 logo
289 1297 426 1321 consuta
464 1296 496 1320 et
532 1286 758 1320 consarcinata
793 1287 846 1320 sit.
906 1286 1079 1330 Quoniam
1116 1296 1228 1319 tamen
1263 1299 1302 1319 ex

169 1350 360 1383 Adamantii
384 1351 502 1395 pannis
526 1359 597 1382 tota
623 1358 778 1381 contexta
804 1358 863 1388 est,
888 1357 920 1381 et
947 1361 984 1381 ex
1011 1349 1178 1382 ventilatis
1201 1361 1302 1393 supra

170 1412 323 1454 origenis
358 1412 529 1456 Operibus
559 1413 630 1445 fere
662 1411 810 1443 detracta
840 1420 918 1443 sunt
948 1411 1149 1453 fragmenta,
1180 1411 1301 1454 quibus

168 1474 228 1506 illa
255 1483 401 1516 constat;
434 1474 512 1506 ideo
538 1486 606 1518 non
631 1485 694 1517 pro
721 1473 854 1505 diverso
880 1473 995 1517 aliquo
1022 1486 1126 1518 opere
1150 1473 1302 1505 habenda

170 1545 236 1575 est,
268 1536 328 1568 sed
352 1548 415 1580 pro
441 1535 647 1578 Origeniano
671 1543 802 1567 tantum
833 1544 992 1575 centone,
1023 1535 1057 1568 in
1090 1547 1158 1579 quo
1184 1533 1303 1576 Orige-

168 1597 267 1631 niana
299 1598 413 1631 omnia
449 1607 525 1631 sunt
561 1606 695 1643 praeter
725 1606 938 1634 contextum:
985 1606 1234 1642 proptereaque
1268 1596 1303 1629 in

170 1659 252 1693 hane
277 1661 396 1694 seriem
421 1674 439 1694 a
463 1660 569 1693 nobis
587 1659 794 1694 admittetur.
