1422 2472
364 86 672 119 Omonmuonum
696 85 809 119 Lmen
833 84 893 118 ΙΙΙ.
1132 85 1196 120 179

156 177 196 209 ΙΙ.
245 176 336 209 Haec
372 176 489 214 habet,
525 175 680 219 inquam,
715 173 923 218 Epiphanius
958 174 991 207 in
1028 174 1117 208 libro
1153 175 1195 207 de

64 238 207 283 ponder.
233 247 265 270 ct
289 250 392 271 mens.
419 250 492 281 cap.
518 235 590 275 19.,
621 245 857 280 praeterquam
883 236 976 280 quod
999 245 1129 281 spectat
1151 237 1194 270 ad

63 300 296 332 columnarum
321 298 563 331 Hebraicarum
587 298 707 330 situm:
731 309 808 329 nam
833 310 872 330 ex
896 296 970 330 aliis
995 297 1194 342 quibusdam

61 360 243 405 Epiphanii
275 360 357 392 locis
391 359 577 392 existimare
609 359 716 403 possit
746 359 867 403 aliquis
900 367 1093 391 contextum
1126 358 1195 395 He-

62 422 213 455 braicum
231 422 367 455 Graecis
391 430 546 454 notatum
571 420 816 453 characteribus
834 419 949 465 priore
975 419 1053 452 loco
1079 419 1193 454 fuisse.

62 483 266 529 Huiusmodi
290 484 348 516 ille
375 492 423 515 est
447 495 485 515 ex
510 482 610 514 Haer.
629 481 682 515 64.
711 495 782 526 cap.
801 481 832 517 3.
849 480 961 516 ’Όθεν
983 479 1022 516 τὸ
1048 483 1195 526 πρῶτον

63 545 174 580 αὐτοῦ
200 546 378 590 ἐπιμελῶς
403 543 687 589 ἒιμλοτιμήσατο
721 547 946 588 συναγαγεῖν
977 544 1048 576 τῶν
1072 543 1108 582 ἓξ
1132 543 1195 587 ἑρ-

59 609 235 652 μηνειῶν,
259 604 399 649 Ἀκύλα,
426 603 645 649 Συμμάχου,
672 607 744 638 τῶν
761 617 796 638 τε
811 602 1086 649 Ἑβδομήκοντα
1111 602 1192 648 δύο,

60 670 121 702 καὶ
146 669 400 710 Θεοδοτίωνος,
427 670 590 712 πέμπτης
613 679 650 701 τε
675 668 736 700 καὶ
759 665 861 709 ἕκτης
887 663 1073 709 ἐκδόσεως,
1098 665 1191 712 μετὰ

58 732 294 775 παραθέσεως
317 727 467 772 ἑκάστης
490 730 616 767 λέξεως
634 726 836 772 Ἐβραϊκῆς,
863 728 925 760 καὶ
951 727 1073 762 αὐτῶν
1097 725 1191 771 ὅμου

57 793 130 826 τῶν
165 792 371 836 στοιχείων·
414 790 455 824 ἐκ
489 787 725 833 παραλλήλου
763 789 803 823 δὲ
839 785 1009 835 ἄντικρυς
1044 789 1192 835 δευτέρᾳ

59 853 172 888 σελίδι
191 851 380 900 χρώμενος
405 849 494 886 κατὰ
520 850 696 885 σύνθεσιν
711 848 905 895 Ἑβραϊκὴν
928 851 999 897 μὲν
1023 853 1063 899 τῇ
1087 853 1190 894 λέξει,

56 912 267 958 Ἑλληνικὴν
291 914 330 949 δὲ
355 913 419 958 (sic
445 913 534 946 enim
560 913 648 955 lego,
672 925 742 945 non
755 910 973 957 Ἑλληνικῷ)
991 914 1041 957 τῷ
1065 911 1190 958 γράμ-

57 989 145 1022 ματι
168 976 294 1020 ἑτέραν
317 975 430 1010 πάλιν
453 979 629 1018 πεποίηκε
654 973 842 1009 σύνθεσιν.
880 974 972 1007 Haec
996 974 1042 1007 ita
1067 975 1190 1019 exponi

58 1046 215 1081 possent:
259 1037 408 1069 medium
451 1037 565 1068 locum
610 1035 756 1068 tenuisse
795 1048 851 1068 sex
896 1035 1192 1080 interpretationes

59 1098 202 1130 Graecas
228 1097 314 1129 inter
338 1098 502 1130 Hebraicn
528 1096 693 1129 Hebraice
725 1095 867 1140 scripta,
904 1109 988 1140 quae
1020 1097 1061 1129 ad
1091 1111 1192 1133 unam

59 1159 121 1191 sita
147 1168 240 1191 erant
264 1168 414 1202 pax-tenu
449 1168 481 1190 et
506 1157 669 1190 Hebraica
695 1157 824 1189 Graece
855 1167 1001 1197 exarata,
1034 1171 1118 1203 quae
1150 1160 1190 1192 ad

59 1220 160 1253 aliam
193 1230 322 1264 partem
361 1229 455 1252 erant
492 1219 667 1251 collocata.
723 1219 792 1251 Sed
828 1218 910 1251 hanc
946 1219 1192 1264 expositionem

58 1291 219 1327 respuunt
245 1282 344 1314 verba
367 1281 550 1326 Epiphanii
582 1280 750 1326 ejusdem,
783 1293 866 1324 quae
898 1293 976 1312 mox
1013 1282 1193 1314 asseremus

59 1358 77 1376 e
109 1344 197 1376 libro
229 1345 270 1376 de
300 1343 442 1388 ponder.
475 1355 548 1386 cap.
576 1342 647 1381 19„
683 1341 742 1373 ubi
773 1341 978 1374 Hebraicum
1010 1352 1192 1388 utrumque

58 1414 252 1438 contextum
275 1405 390 1449 priore
415 1405 494 1436 loco
527 1412 682 1436 notatum
714 1403 815 1435 fuisse
840 1404 1000 1445 agnoscit.
1049 1404 1193 1438 Videtur

57 1467 170 1512 itaque
201 1467 237 1499 id
260 1466 324 1499 sibi
360 1465 474 1511 potius
499 1464 645 1498 voluisse
670 1464 901 1508 Epiphanius,
933 1466 974 1497 ad
999 1479 1099 1498 unam
1123 1466 1191 1499 He-

56 1529 169 1562 braice
195 1528 371 1561 columnae
397 1526 573 1560 Hebraicis
599 1527 774 1559 elementis
800 1536 948 1559 exaratae
974 1537 1105 1571 partem
1129 1540 1191 1560 no—

57 1600 140 1623 tatas
163 1589 265 1622 fuisse
290 1589 434 1622 Graecas
458 1601 513 1620 sex
537 1588 853 1631 interpretationes;
877 1589 918 1620 ad
943 1588 1084 1621 alteram
1108 1602 1189 1622 vero

57 1652 187 1685 Graece
210 1651 373 1696 scriptum
399 1659 590 1684 contextum
609 1648 824 1682 Hebraicum.
872 1648 948 1681 Hoc
974 1648 1064 1682 idem
1089 1649 1190 1692 signi-

56 1713 155 1746 ficare
180 1713 269 1746 dicas
292 1712 354 1745 ista
389 1726 406 1744 e
433 1712 520 1743 libro
554 1711 595 1743 de
619 1711 763 1754 ponder.
789 1723 859 1754 cap.
880 1710 910 1743 7.
955 1710 1028 1749 Τὰς
1055 1713 1129 1757 γὰρ
1153 1711 1190 1751 ἓξ

56 1775 246 1820 ἑρμηνείας
278 1777 341 1808 καὶ
369 1773 436 1817 τὴν
456 1771 653 1819 Ἑβραϊκὴν
683 1770 834 1817 γραφὴν
854 1770 1056 1818 Ἑβραϊκοῖς
1087 1786 1188 1808 στοι-

51 1840 165 1881 χείοις
195 1839 257 1870 καὶ
286 1834 445 1882 ῥήμασιν
476 1835 599 1873 αὐτοῖς
629 1834 669 1868 ἐν
693 1834 807 1867 σελίδι
838 1835 906 1878 μιᾷ
939 1834 1187 1879 συντεθεικώς,

55 1894 169 1941 ἄλλην
193 1899 319 1934 σελίδα
343 1895 636 1942 ἀντιπαράθετον
660 1894 708 1929 δι’
728 1893 948 1936 Ἑλληνικῶν
969 1896 1041 1940 μὲν
1064 1910 1188 1942 γραμ-

57 1957 202 2005 μάτων,
233 1957 433 2003 Ἑβραϊκῶν
464 1959 503 1992 δὲ
535 1959 683 1999 λέξεων,
715 1964 776 1989 etc.
826 1954 932 1999 Quod
955 1954 984 1987 si
1007 1968 1061 1988 sex
1087 1956 1190 1994 imer—

57 2020 281 2064 pretationes,
319 2030 352 2053 et
376 2019 582 2053 Hebraicum
617 2019 790 2063 exemplar
825 2016 990 2051 Hebraice
1026 2017 1189 2063 scriptum

57 2081 157 2114 simul
183 2081 414 2126 conjunxerat:
439 2081 473 2114 in
499 2081 619 2114 extima
644 2081 800 2124 profecto
822 2079 980 2112 columna
994 2088 1188 2113 contextum

57 2142 261 2174 Hebraicum
296 2143 484 2175 charactere
516 2143 646 2175 Graeco
685 2151 853 2174 exaratum
891 2140 1043 2185 sequitur
1087 2140 1188 2174 fuisse

58 2204 240 2236 adtextum.
288 2204 354 2235 Sed
388 2204 533 2248 praefixa
565 2204 635 2236 sine
660 2203 765 2236 dubio
799 2203 900 2236 fuisse
932 2201 1097 2235 Hebraica
1121 2202 1189 2235 He-

58 2264 168 2296 braice
201 2264 353 2308 depicta,
385 2273 456 2296 tum
488 2265 633 2297 subnexa
664 2264 782 2298 eadem
813 2264 942 2296 Graece
978 2271 1124 2304 exarata,
1154 2272 1189 2296 ct

854 2324 927 2358 12*
