<?xml version="1.0" encoding="UTF-8"?>
<!DOCTYPE html PUBLIC "-//W3C//DTD XHTML 1.0 Transitional//EN"
    "http://www.w3.org/TR/xhtml1/DTD/xhtml1-transitional.dtd">
<html xmlns="http://www.w3.org/1999/xhtml" xml:lang="en" lang="en">
 <head>
  <title>
</title>
<meta http-equiv="Content-Type" content="text/html;charset=utf-8" />
  <meta name='ocr-system' content='tesseract 3.04.00' />
  <meta name='ocr-capabilities' content='ocr_page ocr_carea ocr_par ocr_line ocrx_word'/>
</head>
<body>
  <div class='ocr_page' id='page_1' title='image "./operaomniaquaegr24orig/operaomniaquaegr24orig_0324.png"; bbox 0 0 1413 2482; ppageno 0'>
   <div class='ocr_carea' id='block_1_1' title="bbox 211 105 1033 146">
    <p class='ocr_par' dir='ltr' id='par_1_1' title="bbox 211 105 1033 146">
     <span class='ocr_line' id='line_1_1' title="bbox 211 105 1033 146; baseline -0.005 0"><span class='ocrx_word' id='word_1_1' title='bbox 211 109 279 146; x_wconf 82' lang='lat'>308</span> <span class='ocrx_word' id='word_1_2' title='bbox 543 107 578 140; x_wconf 90' lang='lat' dir='ltr'>S.</span> <span class='ocrx_word' id='word_1_3' title='bbox 605 105 791 141; x_wconf 74' lang='lat' dir='ltr'>PAmmnu</span> <span class='ocrx_word' id='word_1_4' title='bbox 821 107 1013 142; x_wconf 65' lang='lat' dir='ltr'>anrvms</span> <span class='ocrx_word' id='word_1_5' title='bbox 1029 121 1033 124; x_wconf 56' lang='lat'><strong>⁴</strong></span> 
     </span>
    </p>
   </div>
   <div class='ocr_carea' id='block_1_2' title="bbox 207 196 1345 1358">
    <p class='ocr_par' dir='ltr' id='par_1_2' title="bbox 208 196 1343 490">
     <span class='ocr_line' id='line_1_2' title="bbox 210 196 1342 245; baseline -0.002 -11"><span class='ocrx_word' id='word_1_6' title='bbox 210 201 325 244; x_wconf 73' lang='lat' dir='ltr'>ganda.</span> <span class='ocrx_word' id='word_1_7' title='bbox 374 198 461 232; x_wconf 79' lang='lat' dir='ltr'>Sane</span> <span class='ocrx_word' id='word_1_8' title='bbox 486 197 579 242; x_wconf 88' lang='lat' dir='ltr'>quod</span> <span class='ocrx_word' id='word_1_9' title='bbox 604 196 666 230; x_wconf 88' lang='lat' dir='ltr'>iste</span> <span class='ocrx_word' id='word_1_10' title='bbox 691 197 838 242; x_wconf 81' lang='lat' dir='ltr'>Spiritus</span> <span class='ocrx_word' id='word_1_11' title='bbox 866 207 995 231; x_wconf 80' lang='lat' dir='ltr'>sanctus</span> <span class='ocrx_word' id='word_1_12' title='bbox 1015 200 1047 243; x_wconf 89' lang='lat'>¹)</span> <span class='ocrx_word' id='word_1_13' title='bbox 1071 206 1342 245; x_wconf 75' lang='lat' dir='ltr'>unumquemque</span> 
     </span>
     <span class='ocr_line' id='line_1_3' title="bbox 210 259 1342 306; baseline -0.004 -9"><span class='ocrx_word' id='word_1_14' title='bbox 210 272 420 300; x_wconf 75' lang='lat' dir='ltr'>sanctorum,</span> <span class='ocrx_word' id='word_1_15' title='bbox 444 259 497 291; x_wconf 87' lang='lat' dir='ltr'>vel</span> <span class='ocrx_word' id='word_1_16' title='bbox 523 259 787 303; x_wconf 74' lang='lat' dir='ltr'>prophetarum,</span> <span class='ocrx_word' id='word_1_17' title='bbox 811 261 864 292; x_wconf 80' lang='lat' dir='ltr'>vel</span> <span class='ocrx_word' id='word_1_18' title='bbox 892 260 1136 305; x_wconf 77' lang='lat' dir='ltr'><strong>Apostolorum</strong></span> <span class='ocrx_word' id='word_1_19' title='bbox 1162 261 1342 306; x_wconf 73' lang='lat' dir='ltr'>inspirave-</span> 
     </span>
     <span class='ocr_line' id='line_1_4' title="bbox 210 320 1343 368; baseline -0.002 -11"><span class='ocrx_word' id='word_1_20' title='bbox 210 324 308 368; x_wconf 79' lang='lat' dir='ltr'>rit,²)</span> <span class='ocrx_word' id='word_1_21' title='bbox 333 331 366 355; x_wconf 82' lang='lat' dir='ltr'>et</span> <span class='ocrx_word' id='word_1_22' title='bbox 388 334 458 354; x_wconf 89' lang='lat' dir='ltr'>nou</span> <span class='ocrx_word' id='word_1_23' title='bbox 481 320 567 353; x_wconf 75' lang='lat' dir='ltr'>alius</span> <span class='ocrx_word' id='word_1_24' title='bbox 581 321 728 365; x_wconf 86' lang='lat' dir='ltr'>Spiritus</span> <span class='ocrx_word' id='word_1_25' title='bbox 745 321 778 354; x_wconf 86' lang='lat' dir='ltr'>in</span> <span class='ocrx_word' id='word_1_26' title='bbox 805 323 984 363; x_wconf 76' lang='lat' dir='ltr'>veteribus,</span> <span class='ocrx_word' id='word_1_27' title='bbox 1008 323 1092 356; x_wconf 81' lang='lat' dir='ltr'>alius</span> <span class='ocrx_word' id='word_1_28' title='bbox 1117 335 1197 355; x_wconf 86' lang='lat' dir='ltr'>vero</span> <span class='ocrx_word' id='word_1_29' title='bbox 1222 323 1255 356; x_wconf 90' lang='lat' dir='ltr'>in</span> <span class='ocrx_word' id='word_1_30' title='bbox 1280 324 1343 363; x_wconf 72' lang='lat' dir='ltr'>luis,</span> 
     </span>
     <span class='ocr_line' id='line_1_5' title="bbox 209 382 1343 431; baseline -0.001 -12"><span class='ocrx_word' id='word_1_31' title='bbox 209 386 268 431; x_wconf 85' lang='lat' dir='ltr'>qui</span> <span class='ocrx_word' id='word_1_32' title='bbox 292 385 327 418; x_wconf 89' lang='lat' dir='ltr'>in</span> <span class='ocrx_word' id='word_1_33' title='bbox 350 383 544 427; x_wconf 81' lang='lat' dir='ltr'>adventu³)</span> <span class='ocrx_word' id='word_1_34' title='bbox 570 382 695 417; x_wconf 76' lang='lat' dir='ltr'>Christi</span> <span class='ocrx_word' id='word_1_35' title='bbox 719 383 872 429; x_wconf 76' lang='lat' dir='ltr'>inspirati</span> <span class='ocrx_word' id='word_1_36' title='bbox 896 394 985 425; x_wconf 86' lang='lat' dir='ltr'>sunt,</span> <span class='ocrx_word' id='word_1_37' title='bbox 1011 385 1122 426; x_wconf 82' lang='lat' dir='ltr'>fuerit,</span> <span class='ocrx_word' id='word_1_38' title='bbox 1146 386 1343 419; x_wconf 77' lang='lat' dir='ltr'>manifestis-</span> 
     </span>
     <span class='ocr_line' id='line_1_6' title="bbox 208 444 774 490; baseline -0.007 -9"><span class='ocrx_word' id='word_1_39' title='bbox 208 449 292 481; x_wconf 74' lang='lat' dir='ltr'>sime</span> <span class='ocrx_word' id='word_1_40' title='bbox 317 447 351 480; x_wconf 85' lang='lat' dir='ltr'>in</span> <span class='ocrx_word' id='word_1_41' title='bbox 374 444 524 479; x_wconf 81' lang='lat' dir='ltr'>ecclesiis</span> <span class='ocrx_word' id='word_1_42' title='bbox 550 445 774 490; x_wconf 77' lang='lat' dir='ltr'>praedicatur.</span> 
     </span>
    </p>

    <p class='ocr_par' dir='ltr' id='par_1_3' title="bbox 207 506 1345 1358">
     <span class='ocr_line' id='line_1_7' title="bbox 298 506 1344 554; baseline -0.001 -12"><span class='ocrx_word' id='word_1_43' title='bbox 298 510 381 542; x_wconf 85' lang='lat' dir='ltr'>Post</span> <span class='ocrx_word' id='word_1_44' title='bbox 404 508 485 541; x_wconf 82' lang='lat' dir='ltr'>haec</span> <span class='ocrx_word' id='word_1_45' title='bbox 510 506 575 553; x_wconf 80' lang='lat' dir='ltr'>jam</span> <span class='ocrx_word' id='word_1_46' title='bbox 600 508 691 552; x_wconf 87' lang='lat' dir='ltr'>quod</span> <span class='ocrx_word' id='word_1_47' title='bbox 718 507 825 541; x_wconf 77' lang='lat' dir='ltr'>anima</span> <span class='ocrx_word' id='word_1_48' title='bbox 850 509 1065 542; x_wconf 68' lang='lat' dir='ltr'>substantiam</span> <span class='ocrx_word' id='word_1_49' title='bbox 1091 508 1262 554; x_wconf 84' lang='lat' dir='ltr'>vitamque</span> <span class='ocrx_word' id='word_1_50' title='bbox 1289 511 1344 542; x_wconf 80' lang='lat' dir='ltr'>ha-</span> 
     </span>
     <span class='ocr_line' id='line_1_8' title="bbox 208 570 1344 616; baseline -0.003 -11"><span class='ocrx_word' id='word_1_51' title='bbox 208 574 290 605; x_wconf 81' lang='lat' dir='ltr'>bens</span> <span class='ocrx_word' id='word_1_52' title='bbox 313 570 499 616; x_wconf 79' lang='lat' dir='ltr'><strong>propriam,</strong></span> <span class='ocrx_word' id='word_1_53' title='bbox 524 582 600 602; x_wconf 89' lang='lat' dir='ltr'>cum</span> <span class='ocrx_word' id='word_1_54' title='bbox 625 582 662 602; x_wconf 82' lang='lat' dir='ltr'>ex</span> <span class='ocrx_word' id='word_1_55' title='bbox 688 570 753 602; x_wconf 87' lang='lat' dir='ltr'>hoc</span> <span class='ocrx_word' id='word_1_56' title='bbox 770 571 897 603; x_wconf 91' lang='lat' dir='ltr'>mundo</span> <span class='ocrx_word' id='word_1_57' title='bbox 919 571 1117 611; x_wconf 68' lang='lat' dir='ltr'>discesserit,</span> <span class='ocrx_word' id='word_1_58' title='bbox 1142 585 1204 616; x_wconf 85' lang='lat' dir='ltr'>pro</span> <span class='ocrx_word' id='word_1_59' title='bbox 1219 573 1253 612; x_wconf 56' lang='grc'>1)</span> <span class='ocrx_word' id='word_1_60' title='bbox 1277 570 1344 603; x_wconf 84' lang='lat' dir='ltr'>suis</span> 
     </span>
     <span class='ocr_line' id='line_1_9' title="bbox 208 631 1344 677; baseline -0.002 -10"><span class='ocrx_word' id='word_1_61' title='bbox 208 633 337 667; x_wconf 84' lang='lat' dir='ltr'>meritis</span> <span class='ocrx_word' id='word_1_62' title='bbox 362 631 626 677; x_wconf 72' lang='lat' dir='ltr'>dispensabitur,</span> <span class='ocrx_word' id='word_1_63' title='bbox 657 632 773 674; x_wconf 91' lang='lat' dir='ltr'>sive⁵)</span> <span class='ocrx_word' id='word_1_64' title='bbox 807 642 960 665; x_wconf 74' lang='lat' dir='ltr'>aeternae</span> <span class='ocrx_word' id='word_1_65' title='bbox 993 633 1078 666; x_wconf 69' lang='lat' dir='ltr'>vitae</span> <span class='ocrx_word' id='word_1_66' title='bbox 1103 647 1140 666; x_wconf 83' lang='lat' dir='ltr'>ac</span> <span class='ocrx_word' id='word_1_67' title='bbox 1165 633 1344 665; x_wconf 76' lang='lat' dir='ltr'>beatitudi-</span> 
     </span>
     <span class='ocr_line' id='line_1_10' title="bbox 207 685 1344 740; baseline -0.002 -11"><span class='ocrx_word' id='word_1_68' title='bbox 207 696 260 729; x_wconf 74' lang='lat' dir='ltr'>nis</span> <span class='ocrx_word' id='word_1_69' title='bbox 284 694 489 728; x_wconf 80' lang='lat' dir='ltr'>haereditate</span> <span class='ocrx_word' id='word_1_70' title='bbox 514 693 682 738; x_wconf 77' lang='lat' dir='ltr'>potitura,</span> <span class='ocrx_word' id='word_1_71' title='bbox 713 694 741 726; x_wconf 87' lang='lat' dir='ltr'>si</span> <span class='ocrx_word' id='word_1_72' title='bbox 766 685 830 726; x_wconf 85' lang='lat' dir='ltr'>hoc</span> <span class='ocrx_word' id='word_1_73' title='bbox 856 693 886 726; x_wconf 85' lang='lat' dir='ltr'>ei</span> <span class='ocrx_word' id='word_1_74' title='bbox 910 708 967 727; x_wconf 69' lang='lat' dir='ltr'>sua</span> <span class='ocrx_word' id='word_1_75' title='bbox 992 705 1081 737; x_wconf 79' lang='lat' dir='ltr'>gesta</span> <span class='ocrx_word' id='word_1_76' title='bbox 1105 695 1344 740; x_wconf 68' lang='lat' dir='ltr'>praestiterint,</span> 
     </span>
     <span class='ocr_line' id='line_1_11' title="bbox 208 756 1342 802; baseline -0.003 -10"><span class='ocrx_word' id='word_1_77' title='bbox 208 759 278 792; x_wconf 87' lang='lat' dir='ltr'>sive</span> <span class='ocrx_word' id='word_1_78' title='bbox 292 759 327 802; x_wconf 78' lang='lat'>⁶)</span> <span class='ocrx_word' id='word_1_79' title='bbox 352 756 419 799; x_wconf 82' lang='lat' dir='ltr'>igni</span> <span class='ocrx_word' id='word_1_80' title='bbox 442 766 580 789; x_wconf 80' lang='lat' dir='ltr'>aeterno</span> <span class='ocrx_word' id='word_1_81' title='bbox 605 769 642 788; x_wconf 83' lang='lat' dir='ltr'>ac</span> <span class='ocrx_word' id='word_1_82' title='bbox 667 756 843 801; x_wconf 77' lang='lat' dir='ltr'>suppliciis</span> <span class='ocrx_word' id='word_1_83' title='bbox 862 757 1093 802; x_wconf 75' lang='lat' dir='ltr'>mancipanda,</span> <span class='ocrx_word' id='word_1_84' title='bbox 1120 757 1146 789; x_wconf 87' lang='lat' dir='ltr'>si</span> <span class='ocrx_word' id='word_1_85' title='bbox 1172 757 1205 789; x_wconf 87' lang='lat' dir='ltr'>in</span> <span class='ocrx_word' id='word_1_86' title='bbox 1231 757 1342 802; x_wconf 68' lang='lat' dir='ltr'>hoc7)</span> 
     </span>
     <span class='ocr_line' id='line_1_12' title="bbox 209 818 1344 864; baseline -0.002 -11"><span class='ocrx_word' id='word_1_87' title='bbox 209 833 284 853; x_wconf 82' lang='lat' dir='ltr'>eam</span> <span class='ocrx_word' id='word_1_88' title='bbox 305 819 473 851; x_wconf 83' lang='lat' dir='ltr'>scelerum</span> <span class='ocrx_word' id='word_1_89' title='bbox 498 818 597 862; x_wconf 85' lang='lat' dir='ltr'>culpa</span> <span class='ocrx_word' id='word_1_90' title='bbox 629 818 819 851; x_wconf 83' lang='lat' dir='ltr'>detorserit.</span> <span class='ocrx_word' id='word_1_91' title='bbox 867 819 935 851; x_wconf 80' lang='lat' dir='ltr'>Sed</span> <span class='ocrx_word' id='word_1_92' title='bbox 967 829 998 850; x_wconf 82' lang='lat' dir='ltr'>et</span> <span class='ocrx_word' id='word_1_93' title='bbox 1023 819 1099 864; x_wconf 78' lang='lat' dir='ltr'>quia</span> <span class='ocrx_word' id='word_1_94' title='bbox 1124 819 1186 851; x_wconf 87' lang='lat' dir='ltr'>erit</span> <span class='ocrx_word' id='word_1_95' title='bbox 1211 829 1344 864; x_wconf 77' lang='lat' dir='ltr'>tempus</span> 
     </span>
     <span class='ocr_line' id='line_1_13' title="bbox 207 878 1343 925; baseline -0.001 -11"><span class='ocrx_word' id='word_1_96' title='bbox 207 878 462 914; x_wconf 72' lang='lat' dir='ltr'>resurrectionis</span> <span class='ocrx_word' id='word_1_97' title='bbox 494 888 728 920; x_wconf 81' lang='lat' dir='ltr'>mortuorum,</span> <span class='ocrx_word' id='word_1_98' title='bbox 762 892 837 911; x_wconf 89' lang='lat' dir='ltr'>cum</span> <span class='ocrx_word' id='word_1_99' title='bbox 871 892 992 924; x_wconf 84' lang='lat' dir='ltr'>corpus</span> <span class='ocrx_word' id='word_1_100' title='bbox 1023 881 1107 919; x_wconf 85' lang='lat' dir='ltr'>hor,</span> <span class='ocrx_word' id='word_1_101' title='bbox 1143 882 1235 925; x_wconf 85' lang='lat' dir='ltr'>quod</span> <span class='ocrx_word' id='word_1_102' title='bbox 1251 882 1285 925; x_wconf 76' lang='lat'>⁸)</span> <span class='ocrx_word' id='word_1_103' title='bbox 1311 881 1343 913; x_wconf 87' lang='lat' dir='ltr'>in</span> 
     </span>
     <span class='ocr_line' id='line_1_14' title="bbox 210 940 1343 987; baseline -0.001 -12"><span class='ocrx_word' id='word_1_104' title='bbox 210 941 429 987; x_wconf 82' lang='lat' dir='ltr'>corruptione</span> <span class='ocrx_word' id='word_1_105' title='bbox 460 940 660 981; x_wconf 75' lang='lat' dir='ltr'>seminatur,</span> <span class='ocrx_word' id='word_1_106' title='bbox 691 949 803 982; x_wconf 82' lang='lat' dir='ltr'>surget</span> <span class='ocrx_word' id='word_1_107' title='bbox 836 940 868 972; x_wconf 84' lang='lat' dir='ltr'>in</span> <span class='ocrx_word' id='word_1_108' title='bbox 894 941 1166 986; x_wconf 84' lang='lat' dir='ltr'>incorruptione:</span> <span class='ocrx_word' id='word_1_109' title='bbox 1193 952 1225 974; x_wconf 85' lang='lat' dir='ltr'>et</span> <span class='ocrx_word' id='word_1_110' title='bbox 1250 944 1343 987; x_wconf 84' lang='lat' dir='ltr'>quod</span> 
     </span>
     <span class='ocr_line' id='line_1_15' title="bbox 209 1001 1342 1045; baseline -0.001 -7"><span class='ocrx_word' id='word_1_111' title='bbox 209 1004 393 1038; x_wconf 79' lang='lat' dir='ltr'>seminatur</span> <span class='ocrx_word' id='word_1_112' title='bbox 423 1002 458 1035; x_wconf 90' lang='lat' dir='ltr'>in</span> <span class='ocrx_word' id='word_1_113' title='bbox 490 1002 690 1045; x_wconf 79' lang='lat' dir='ltr'>ignominia,</span> <span class='ocrx_word' id='word_1_114' title='bbox 722 1011 833 1044; x_wconf 81' lang='lat' dir='ltr'>surget</span> <span class='ocrx_word' id='word_1_115' title='bbox 862 1001 895 1034; x_wconf 84' lang='lat' dir='ltr'>in</span> <span class='ocrx_word' id='word_1_116' title='bbox 928 1003 1044 1045; x_wconf 77' lang='lat' dir='ltr'>gloria.</span> <span class='ocrx_word' id='word_1_117' title='bbox 1108 1004 1167 1036; x_wconf 77' lang='lat' dir='ltr'>Est</span> <span class='ocrx_word' id='word_1_118' title='bbox 1199 1015 1232 1038; x_wconf 82' lang='lat' dir='ltr'>et</span> <span class='ocrx_word' id='word_1_119' title='bbox 1257 1005 1342 1037; x_wconf 81' lang='lat' dir='ltr'>illud</span> 
     </span>
     <span class='ocr_line' id='line_1_16' title="bbox 209 1064 1343 1110; baseline 0 -11"><span class='ocrx_word' id='word_1_120' title='bbox 209 1066 387 1099; x_wconf 80' lang='lat' dir='ltr'>definitum</span> <span class='ocrx_word' id='word_1_121' title='bbox 411 1064 446 1097; x_wconf 87' lang='lat' dir='ltr'>in</span> <span class='ocrx_word' id='word_1_122' title='bbox 462 1065 687 1097; x_wconf 80' lang='lat' dir='ltr'>ecclesiastica</span> <span class='ocrx_word' id='word_1_123' title='bbox 708 1064 971 1108; x_wconf 77' lang='lat' dir='ltr'>praedicatione,</span> <span class='ocrx_word' id='word_1_124' title='bbox 998 1078 1133 1097; x_wconf 84' lang='lat' dir='ltr'>omnem</span> <span class='ocrx_word' id='word_1_125' title='bbox 1154 1067 1343 1110; x_wconf 73' lang='lat' dir='ltr'>animam9)</span> 
     </span>
     <span class='ocr_line' id='line_1_17' title="bbox 210 1125 1345 1173; baseline -0.001 -12"><span class='ocrx_word' id='word_1_126' title='bbox 210 1141 280 1161; x_wconf 91' lang='lat' dir='ltr'>esse</span> <span class='ocrx_word' id='word_1_127' title='bbox 305 1126 559 1166; x_wconf 85' lang='lat' dir='ltr'>rationabilem,</span> <span class='ocrx_word' id='word_1_128' title='bbox 592 1127 690 1159; x_wconf 80' lang='lat' dir='ltr'>liberi</span> <span class='ocrx_word' id='word_1_129' title='bbox 720 1125 851 1159; x_wconf 76' lang='lat' dir='ltr'>arbitrii</span> <span class='ocrx_word' id='word_1_130' title='bbox 877 1136 910 1158; x_wconf 85' lang='lat' dir='ltr'>et</span> <span class='ocrx_word' id='word_1_131' title='bbox 934 1126 1135 1169; x_wconf 73' lang='lat' dir='ltr'>voluntatis;</span> <span class='ocrx_word' id='word_1_132' title='bbox 1166 1141 1235 1161; x_wconf 80' lang='lat' dir='ltr'>esse</span> <span class='ocrx_word' id='word_1_133' title='bbox 1260 1142 1345 1173; x_wconf 90' lang='lat' dir='ltr'>quo-</span> 
     </span>
     <span class='ocr_line' id='line_1_18' title="bbox 210 1188 1343 1236; baseline 0 -13"><span class='ocrx_word' id='word_1_134' title='bbox 210 1204 275 1236; x_wconf 89' lang='lat' dir='ltr'>que</span> <span class='ocrx_word' id='word_1_135' title='bbox 299 1190 397 1234; x_wconf 83' lang='lat' dir='ltr'>ei¹⁰)</span> <span class='ocrx_word' id='word_1_136' title='bbox 422 1199 590 1222; x_wconf 79' lang='lat' dir='ltr'>certamen</span> <span class='ocrx_word' id='word_1_137' title='bbox 615 1189 772 1220; x_wconf 77' lang='lat' dir='ltr'>adversus</span> <span class='ocrx_word' id='word_1_138' title='bbox 806 1188 999 1228; x_wconf 68' lang='lat' dir='ltr'>diabolum,</span> <span class='ocrx_word' id='word_1_139' title='bbox 1029 1198 1063 1220; x_wconf 85' lang='lat' dir='ltr'>et</span> <span class='ocrx_word' id='word_1_140' title='bbox 1095 1190 1229 1232; x_wconf 77' lang='lat' dir='ltr'>angelos</span> <span class='ocrx_word' id='word_1_141' title='bbox 1262 1190 1343 1236; x_wconf 76' lang='lat' dir='ltr'>ejus,</span> 
     </span>
     <span class='ocr_line' id='line_1_19' title="bbox 208 1250 1343 1296; baseline -0.001 -10"><span class='ocrx_word' id='word_1_142' title='bbox 208 1252 457 1296; x_wconf 80' lang='lat' dir='ltr'>contrariasque</span> <span class='ocrx_word' id='word_1_143' title='bbox 482 1250 639 1291; x_wconf 79' lang='lat' dir='ltr'>virtutes,</span> <span class='ocrx_word' id='word_1_144' title='bbox 675 1264 712 1283; x_wconf 81' lang='lat' dir='ltr'>ex</span> <span class='ocrx_word' id='word_1_145' title='bbox 738 1263 778 1282; x_wconf 88' lang='lat' dir='ltr'>eo</span> <span class='ocrx_word' id='word_1_146' title='bbox 805 1251 897 1295; x_wconf 86' lang='lat' dir='ltr'>quod</span> <span class='ocrx_word' id='word_1_147' title='bbox 921 1250 972 1283; x_wconf 87' lang='lat' dir='ltr'>illi</span> <span class='ocrx_word' id='word_1_148' title='bbox 996 1251 1141 1295; x_wconf 81' lang='lat' dir='ltr'>peccatis</span> <span class='ocrx_word' id='word_1_149' title='bbox 1166 1265 1238 1285; x_wconf 77' lang='lat' dir='ltr'>eam</span> <span class='ocrx_word' id='word_1_150' title='bbox 1263 1266 1343 1285; x_wconf 86' lang='lat' dir='ltr'>one-</span> 
     </span>
     <span class='ocr_line' id='line_1_20' title="bbox 208 1312 1341 1358; baseline -0.001 -10"><span class='ocrx_word' id='word_1_151' title='bbox 208 1328 282 1348; x_wconf 77' lang='lat' dir='ltr'>rare</span> <span class='ocrx_word' id='word_1_152' title='bbox 308 1313 523 1353; x_wconf 79' lang='lat' dir='ltr'>contendant,</span> <span class='ocrx_word' id='word_1_153' title='bbox 547 1325 608 1345; x_wconf 88' lang='lat' dir='ltr'>nos</span> <span class='ocrx_word' id='word_1_154' title='bbox 635 1325 736 1353; x_wconf 81' lang='lat' dir='ltr'>vern,</span> <span class='ocrx_word' id='word_1_155' title='bbox 767 1312 794 1344; x_wconf 84' lang='lat' dir='ltr'>si</span> <span class='ocrx_word' id='word_1_156' title='bbox 819 1322 910 1344; x_wconf 87' lang='lat' dir='ltr'>recte</span> <span class='ocrx_word' id='word_1_157' title='bbox 936 1313 1156 1358; x_wconf 83' lang='lat' dir='ltr'>consulteque</span> <span class='ocrx_word' id='word_1_158' title='bbox 1181 1314 1341 1355; x_wconf 76' lang='lat' dir='ltr'>vivamus,</span> 
     </span>
    </p>
   </div>
   <div class='ocr_carea' id='block_1_3' title="bbox 208 1374 1340 1422">
    <p class='ocr_par' dir='ltr' id='par_1_4' title="bbox 208 1374 1340 1422">
     <span class='ocr_line' id='line_1_21' title="bbox 208 1374 1340 1422; baseline 0.001 -13"><span class='ocrx_word' id='word_1_159' title='bbox 208 1378 249 1410; x_wconf 76' lang='lat' dir='ltr'>ab</span> <span class='ocrx_word' id='word_1_160' title='bbox 274 1374 578 1422; x_wconf 80' lang='lat' dir='ltr'>hujuscemodi¹¹)</span> <span class='ocrx_word' id='word_1_161' title='bbox 605 1387 706 1407; x_wconf 85' lang='lat' dir='ltr'>onere</span> <span class='ocrx_word' id='word_1_162' title='bbox 724 1375 775 1419; x_wconf 86' lang='lat'>&#39;²)</span> <span class='ocrx_word' id='word_1_163' title='bbox 802 1386 922 1407; x_wconf 81' lang='lat' dir='ltr'>exuere</span> <span class='ocrx_word' id='word_1_164' title='bbox 947 1387 1007 1407; x_wconf 91' lang='lat' dir='ltr'>nos</span> <span class='ocrx_word' id='word_1_165' title='bbox 1032 1387 1205 1410; x_wconf 82' lang='lat' dir='ltr'>conemur.</span> <span class='ocrx_word' id='word_1_166' title='bbox 1242 1377 1340 1410; x_wconf 88' lang='lat' dir='ltr'>Unde</span> 
     </span>
    </p>
   </div>
   <div class='ocr_carea' id='block_1_4' title="bbox 367 1461 476 1465">
    <p class='ocr_par' dir='ltr' id='par_1_5' title="bbox 367 1461 476 1465">
     <span class='ocr_line' id='line_1_22' title="bbox 367 1461 476 1465; baseline 0 0"><span class='ocrx_word' id='word_1_167' title='bbox 367 1461 476 1465; x_wconf 95' lang='lat' dir='ltr'> </span> 
     </span>
    </p>
   </div>
   <div class='ocr_carea' id='block_1_5' title="bbox 213 1462 365 1467">
    <p class='ocr_par' dir='ltr' id='par_1_6' title="bbox 213 1462 365 1467">
     <span class='ocr_line' id='line_1_23' title="bbox 213 1462 365 1467; baseline 0 0"><span class='ocrx_word' id='word_1_168' title='bbox 213 1462 365 1467; x_wconf 95' lang='lat' dir='ltr'> </span> 
     </span>
    </p>
   </div>
   <div class='ocr_carea' id='block_1_6' title="bbox 298 1503 1339 1885">
    <p class='ocr_par' dir='ltr' id='par_1_7' title="bbox 305 1503 925 1551">
     <span class='ocr_line' id='line_1_24' title="bbox 305 1503 925 1551; baseline -0.005 -13"><span class='ocrx_word' id='word_1_169' title='bbox 305 1506 336 1551; x_wconf 90' lang='lat'>¹)</span> <span class='ocrx_word' id='word_1_170' title='bbox 360 1506 466 1538; x_wconf 85' lang='lat' dir='ltr'>Deest</span> <span class='ocrx_word' id='word_1_171' title='bbox 490 1511 631 1538; x_wconf 79' lang='lat' dir='ltr'>sanctus</span> <span class='ocrx_word' id='word_1_172' title='bbox 658 1503 692 1536; x_wconf 84' lang='lat' dir='ltr'>in</span> <span class='ocrx_word' id='word_1_173' title='bbox 718 1503 769 1537; x_wconf 84' lang='lat' dir='ltr'>ed.</span> <span class='ocrx_word' id='word_1_174' title='bbox 796 1503 925 1548; x_wconf 79' lang='lat' dir='ltr'>Redep.</span> 
     </span>
    </p>

    <p class='ocr_par' dir='ltr' id='par_1_8' title="bbox 299 1560 1339 1662">
     <span class='ocr_line' id='line_1_25' title="bbox 300 1560 1339 1607; baseline 0 -12"><span class='ocrx_word' id='word_1_175' title='bbox 300 1563 336 1606; x_wconf 83' lang='lat'>²)</span> <span class='ocrx_word' id='word_1_176' title='bbox 361 1562 419 1596; x_wconf 86' lang='lat' dir='ltr'>Sic</span> <span class='ocrx_word' id='word_1_177' title='bbox 443 1561 522 1594; x_wconf 86' lang='lat' dir='ltr'>Mss.</span> <span class='ocrx_word' id='word_1_178' title='bbox 548 1560 642 1593; x_wconf 84' lang='lat' dir='ltr'>Editi</span> <span class='ocrx_word' id='word_1_179' title='bbox 668 1572 755 1592; x_wconf 73' lang='lat' dir='ltr'>vero-</span> <span class='ocrx_word' id='word_1_180' title='bbox 774 1560 820 1604; x_wconf 88' lang='lat' dir='ltr'>(v.</span> <span class='ocrx_word' id='word_1_181' title='bbox 847 1573 874 1593; x_wconf 90' lang='lat' dir='ltr'>c.</span> <span class='ocrx_word' id='word_1_182' title='bbox 901 1560 976 1593; x_wconf 80' lang='lat' dir='ltr'>edd.</span> <span class='ocrx_word' id='word_1_183' title='bbox 997 1560 1062 1605; x_wconf 88' lang='lat' dir='ltr'>M.)</span> <span class='ocrx_word' id='word_1_184' title='bbox 1087 1563 1283 1607; x_wconf 74' lang='lat' dir='ltr'>inspiravit.</span> <span class='ocrx_word' id='word_1_185' title='bbox 1302 1564 1339 1596; x_wconf 85' lang='lat' dir='ltr'>R.</span> 
     </span>
     <span class='ocr_line' id='line_1_26' title="bbox 299 1615 1214 1662; baseline -0.001 -11"><span class='ocrx_word' id='word_1_186' title='bbox 299 1619 335 1662; x_wconf 78' lang='lat'>³)</span> <span class='ocrx_word' id='word_1_187' title='bbox 359 1619 410 1651; x_wconf 77' lang='lat' dir='ltr'>lta</span> <span class='ocrx_word' id='word_1_188' title='bbox 435 1617 516 1650; x_wconf 82' lang='lat' dir='ltr'>editi</span> <span class='ocrx_word' id='word_1_189' title='bbox 541 1618 587 1660; x_wconf 80' lang='lat' dir='ltr'>(o.</span> <span class='ocrx_word' id='word_1_190' title='bbox 612 1630 639 1650; x_wconf 89' lang='lat' dir='ltr'>c.</span> <span class='ocrx_word' id='word_1_191' title='bbox 665 1617 740 1650; x_wconf 81' lang='lat' dir='ltr'>edd.</span> <span class='ocrx_word' id='word_1_192' title='bbox 766 1615 831 1660; x_wconf 84' lang='lat' dir='ltr'>M.)</span> <span class='ocrx_word' id='word_1_193' title='bbox 856 1616 936 1649; x_wconf 79' lang='lat' dir='ltr'>Mss.</span> <span class='ocrx_word' id='word_1_194' title='bbox 962 1618 1151 1652; x_wconf 79' lang='lat' dir='ltr'>adventum.</span> <span class='ocrx_word' id='word_1_195' title='bbox 1176 1619 1214 1653; x_wconf 84' lang='lat' dir='ltr'>R.</span> 
     </span>
    </p>

    <p class='ocr_par' dir='ltr' id='par_1_9' title="bbox 300 1674 843 1719">
     <span class='ocr_line' id='line_1_27' title="bbox 300 1674 843 1719; baseline -0.004 -12"><span class='ocrx_word' id='word_1_196' title='bbox 300 1674 333 1719; x_wconf 82' lang='lat'>⁴)</span> <span class='ocrx_word' id='word_1_197' title='bbox 358 1675 446 1707; x_wconf 81' lang='lat' dir='ltr'>Edd.</span> <span class='ocrx_word' id='word_1_198' title='bbox 471 1674 519 1707; x_wconf 87' lang='grc' dir='ltr'>Μ.</span> <span class='ocrx_word' id='word_1_199' title='bbox 544 1680 575 1706; x_wconf 83' lang='lat' dir='ltr'>et</span> <span class='ocrx_word' id='word_1_200' title='bbox 596 1686 660 1718; x_wconf 81' lang='lat' dir='ltr'>pro</span> <span class='ocrx_word' id='word_1_201' title='bbox 684 1675 755 1706; x_wconf 81' lang='lat' dir='ltr'>suis</span> <span class='ocrx_word' id='word_1_202' title='bbox 780 1681 843 1705; x_wconf 82' lang='lat' dir='ltr'>etc.</span> 
     </span>
    </p>

    <p class='ocr_par' dir='ltr' id='par_1_10' title="bbox 302 1730 983 1774">
     <span class='ocr_line' id='line_1_28' title="bbox 302 1730 983 1774; baseline -0.001 -11"><span class='ocrx_word' id='word_1_203' title='bbox 302 1730 335 1774; x_wconf 76' lang='lat'>⁵)</span> <span class='ocrx_word' id='word_1_204' title='bbox 359 1731 423 1764; x_wconf 87' lang='lat' dir='ltr'>Ed.</span> <span class='ocrx_word' id='word_1_205' title='bbox 450 1731 579 1774; x_wconf 79' lang='lat' dir='ltr'>Redep.</span> <span class='ocrx_word' id='word_1_206' title='bbox 609 1732 678 1763; x_wconf 77' lang='lat' dir='ltr'>sive</span> <span class='ocrx_word' id='word_1_207' title='bbox 700 1731 790 1762; x_wconf 75' lang='lat' dir='ltr'>ritae</span> <span class='ocrx_word' id='word_1_208' title='bbox 815 1736 983 1762; x_wconf 74' lang='lat' dir='ltr'>aeternae.</span> 
     </span>
    </p>

    <p class='ocr_par' dir='ltr' id='par_1_11' title="bbox 298 1786 881 1831">
     <span class='ocr_line' id='line_1_29' title="bbox 298 1786 881 1831; baseline -0.003 -12"><span class='ocrx_word' id='word_1_209' title='bbox 298 1787 334 1831; x_wconf 84' lang='lat'>⁶)</span> <span class='ocrx_word' id='word_1_210' title='bbox 358 1787 445 1820; x_wconf 89' lang='lat' dir='ltr'><strong>Edd.</strong></span> <span class='ocrx_word' id='word_1_211' title='bbox 471 1787 519 1820; x_wconf 88' lang='lat' dir='ltr'>M.</span> <span class='ocrx_word' id='word_1_212' title='bbox 544 1788 614 1819; x_wconf 78' lang='lat' dir='ltr'>sive</span> <span class='ocrx_word' id='word_1_213' title='bbox 638 1793 775 1819; x_wconf 82' lang='lat' dir='ltr'>aeterno</span> <span class='ocrx_word' id='word_1_214' title='bbox 799 1786 881 1829; x_wconf 69' lang='lat' dir='ltr'>iqni.</span> 
     </span>
    </p>

    <p class='ocr_par' dir='ltr' id='par_1_12' title="bbox 298 1843 634 1885">
     <span class='ocr_line' id='line_1_30' title="bbox 298 1843 634 1885; baseline 0.003 -11"><span class='ocrx_word' id='word_1_215' title='bbox 298 1843 332 1885; x_wconf 87' lang='lat'>⁷)</span> <span class='ocrx_word' id='word_1_216' title='bbox 358 1843 444 1875; x_wconf 84' lang='lat' dir='ltr'><strong>Edd.</strong></span> <span class='ocrx_word' id='word_1_217' title='bbox 470 1843 518 1876; x_wconf 87' lang='lat' dir='ltr'>M.</span> <span class='ocrx_word' id='word_1_218' title='bbox 543 1844 634 1876; x_wconf 62' lang='lat' dir='ltr'>llaec.</span> 
     </span>
    </p>
   </div>
   <div class='ocr_carea' id='block_1_7' title="bbox 207 1898 1334 1983">
    <p class='ocr_par' dir='ltr' id='par_1_13' title="bbox 207 1898 1334 1983">
     <span class='ocr_line' id='line_1_31' title="bbox 296 1898 1334 1943; baseline 0 -12"><span class='ocrx_word' id='word_1_219' title='bbox 296 1900 330 1943; x_wconf 70' lang='grc' dir='ltr'>Β)</span> <span class='ocrx_word' id='word_1_220' title='bbox 355 1900 417 1931; x_wconf 81' lang='lat' dir='ltr'>Ed.</span> <span class='ocrx_word' id='word_1_221' title='bbox 445 1899 571 1942; x_wconf 74' lang='lat' dir='ltr'>nedep.</span> <span class='ocrx_word' id='word_1_222' title='bbox 598 1899 686 1942; x_wconf 83' lang='lat' dir='ltr'>quod</span> <span class='ocrx_word' id='word_1_223' title='bbox 709 1910 800 1930; x_wconf 82' lang='lat' dir='ltr'>nunc</span> <span class='ocrx_word' id='word_1_224' title='bbox 823 1898 860 1930; x_wconf 76' lang='lat' dir='ltr'>in</span> <span class='ocrx_word' id='word_1_225' title='bbox 881 1898 1097 1941; x_wconf 74' lang='lat' dir='ltr'>corruptione</span> <span class='ocrx_word' id='word_1_226' title='bbox 1111 1907 1173 1930; x_wconf 77' lang='lat' dir='ltr'>ele.</span> <span class='ocrx_word' id='word_1_227' title='bbox 1198 1918 1239 1923; x_wconf 84' lang='lat'>—</span> <span class='ocrx_word' id='word_1_228' title='bbox 1266 1899 1334 1934; x_wconf 78' lang='lat' dir='ltr'>Csr.</span> 
     </span>
     <span class='ocr_line' id='line_1_32' title="bbox 207 1944 502 1983; baseline 0 -6"><span class='ocrx_word' id='word_1_229' title='bbox 207 1947 215 1977; x_wconf 91' lang='lat' dir='ltr'>l</span> <span class='ocrx_word' id='word_1_230' title='bbox 245 1945 322 1978; x_wconf 87' lang='lat' dir='ltr'>Cor.</span> <span class='ocrx_word' id='word_1_231' title='bbox 347 1945 421 1983; x_wconf 78' lang='lat' dir='ltr'>XV,</span> <span class='ocrx_word' id='word_1_232' title='bbox 446 1944 502 1977; x_wconf 77' lang='lat'>42.</span> 
     </span>
    </p>
   </div>
   <div class='ocr_carea' id='block_1_8' title="bbox 205 1999 1331 2157">
    <p class='ocr_par' dir='ltr' id='par_1_14' title="bbox 205 1999 1331 2157">
     <span class='ocr_line' id='line_1_33' title="bbox 298 1999 1331 2044; baseline 0.002 -13"><span class='ocrx_word' id='word_1_233' title='bbox 298 2001 332 2044; x_wconf 86' lang='lat'>⁹)</span> <span class='ocrx_word' id='word_1_234' title='bbox 357 2000 418 2032; x_wconf 87' lang='lat' dir='ltr'>Ed.</span> <span class='ocrx_word' id='word_1_235' title='bbox 447 2000 573 2043; x_wconf 79' lang='lat' dir='ltr'>Redep.</span> <span class='ocrx_word' id='word_1_236' title='bbox 597 2001 744 2032; x_wconf 76' lang='lat' dir='ltr'>animam</span> <span class='ocrx_word' id='word_1_237' title='bbox 779 1999 1019 2032; x_wconf 74' lang='lat' dir='ltr'>rationabilem</span> <span class='ocrx_word' id='word_1_238' title='bbox 1052 2012 1121 2032; x_wconf 81' lang='lat' dir='ltr'>esse</span> <span class='ocrx_word' id='word_1_239' title='bbox 1145 2000 1245 2033; x_wconf 74' lang='lat' dir='ltr'>liberi</span> <span class='ocrx_word' id='word_1_240' title='bbox 1268 2013 1331 2033; x_wconf 86' lang='grc' dir='ltr'><em>αι·-</em></span> 
     </span>
     <span class='ocr_line' id='line_1_34' title="bbox 205 2054 958 2099; baseline -0.004 -10"><span class='ocrx_word' id='word_1_241' title='bbox 205 2059 301 2091; x_wconf 72' lang='lat' dir='ltr'>bitrii</span> <span class='ocrx_word' id='word_1_242' title='bbox 326 2066 388 2089; x_wconf 81' lang='lat' dir='ltr'>etc.</span> <span class='ocrx_word' id='word_1_243' title='bbox 487 2056 539 2099; x_wconf 85' lang='lat'>¹⁰)</span> <span class='ocrx_word' id='word_1_244' title='bbox 566 2055 669 2086; x_wconf 78' lang='lat' dir='ltr'>Deest</span> <span class='ocrx_word' id='word_1_245' title='bbox 694 2056 725 2086; x_wconf 78' lang='grc' dir='ltr'>εὶ</span> <span class='ocrx_word' id='word_1_246' title='bbox 750 2054 781 2085; x_wconf 87' lang='lat' dir='ltr'>in</span> <span class='ocrx_word' id='word_1_247' title='bbox 809 2054 884 2087; x_wconf 80' lang='lat' dir='ltr'>cdd.</span> <span class='ocrx_word' id='word_1_248' title='bbox 910 2054 958 2086; x_wconf 83' lang='grc' dir='ltr'>Μ.</span> 
     </span>
     <span class='ocr_line' id='line_1_35' title="bbox 277 2112 795 2157; baseline -0.008 -12"><span class='ocrx_word' id='word_1_249' title='bbox 277 2115 329 2157; x_wconf 88' lang='lat'>¹¹)</span> <span class='ocrx_word' id='word_1_250' title='bbox 355 2113 415 2144; x_wconf 85' lang='lat' dir='ltr'>Ed.</span> <span class='ocrx_word' id='word_1_251' title='bbox 443 2112 569 2155; x_wconf 77' lang='lat' dir='ltr'>Redep.</span> <span class='ocrx_word' id='word_1_252' title='bbox 596 2112 795 2153; x_wconf 73' lang='lat' dir='ltr'>hujusmodi.</span> 
     </span>
    </p>
   </div>
   <div class='ocr_carea' id='block_1_9' title="bbox 192 2166 1330 2339">
    <p class='ocr_par' dir='ltr' id='par_1_15' title="bbox 192 2166 1330 2339">
     <span class='ocr_line' id='line_1_36' title="bbox 274 2166 1330 2212; baseline -0.001 -12"><span class='ocrx_word' id='word_1_253' title='bbox 274 2170 327 2209; x_wconf 86' lang='lat'>¹²)</span> <span class='ocrx_word' id='word_1_254' title='bbox 354 2169 431 2200; x_wconf 81' lang='lat' dir='ltr'>Mss.</span> <span class='ocrx_word' id='word_1_255' title='bbox 459 2168 610 2212; x_wconf 75' lang='lat' dir='ltr'>plerique</span> <span class='ocrx_word' id='word_1_256' title='bbox 637 2166 930 2208; x_wconf 57' lang='lat' dir='ltr'>onnittunbonere,</span> <span class='ocrx_word' id='word_1_257' title='bbox 959 2167 1050 2211; x_wconf 84' lang='lat' dir='ltr'>quod</span> <span class='ocrx_word' id='word_1_258' title='bbox 1075 2176 1177 2200; x_wconf 75' lang='lat' dir='ltr'>exstat</span> <span class='ocrx_word' id='word_1_259' title='bbox 1203 2167 1234 2200; x_wconf 84' lang='lat' dir='ltr'>in</span> <span class='ocrx_word' id='word_1_260' title='bbox 1261 2168 1330 2200; x_wconf 85' lang='lat' dir='ltr'>edi-</span> 
     </span>
     <span class='ocr_line' id='line_1_37' title="bbox 200 2212 1325 2258; baseline 0.001 -13"><span class='ocrx_word' id='word_1_261' title='bbox 200 2214 241 2246; x_wconf 76' lang='lat' dir='ltr'>tis</span> <span class='ocrx_word' id='word_1_262' title='bbox 269 2218 315 2258; x_wconf 80' lang='lat' dir='ltr'>(v.</span> <span class='ocrx_word' id='word_1_263' title='bbox 342 2228 368 2246; x_wconf 86' lang='lat' dir='ltr'>c.</span> <span class='ocrx_word' id='word_1_264' title='bbox 396 2215 471 2246; x_wconf 82' lang='lat' dir='ltr'>edd.</span> <span class='ocrx_word' id='word_1_265' title='bbox 498 2214 560 2257; x_wconf 83' lang='lat' dir='ltr'>M)</span> <span class='ocrx_word' id='word_1_266' title='bbox 602 2212 686 2245; x_wconf 83' lang='lat' dir='ltr'>Cod.</span> <span class='ocrx_word' id='word_1_267' title='bbox 720 2213 929 2244; x_wconf 63' lang='lat' dir='ltr'>sorbonicus</span> <span class='ocrx_word' id='word_1_268' title='bbox 963 2222 993 2244; x_wconf 68' lang='lat' dir='ltr'>et</span> <span class='ocrx_word' id='word_1_269' title='bbox 1026 2214 1111 2245; x_wconf 76' lang='lat' dir='ltr'>alter</span> <span class='ocrx_word' id='word_1_270' title='bbox 1142 2214 1176 2246; x_wconf 87' lang='lat' dir='ltr'>S.</span> <span class='ocrx_word' id='word_1_271' title='bbox 1210 2213 1325 2246; x_wconf 72' lang='lat' dir='ltr'>vitoni</span> 
     </span>
     <span class='ocr_line' id='line_1_38' title="bbox 195 2258 1322 2303; baseline 0 -11"><span class='ocrx_word' id='word_1_272' title='bbox 195 2261 317 2292; x_wconf 78' lang='lat' dir='ltr'>habent</span> <span class='ocrx_word' id='word_1_273' title='bbox 341 2261 454 2301; x_wconf 78' lang='lat' dir='ltr'>clade,</span> <span class='ocrx_word' id='word_1_274' title='bbox 488 2272 567 2303; x_wconf 82' lang='lat' dir='ltr'>pro:</span> <span class='ocrx_word' id='word_1_275' title='bbox 604 2271 711 2292; x_wconf 81' lang='lat' dir='ltr'>onere.</span> <span class='ocrx_word' id='word_1_276' title='bbox 741 2258 776 2291; x_wconf 78' lang='lat' dir='ltr'>R.</span> <span class='ocrx_word' id='word_1_277' title='bbox 806 2279 843 2282; x_wconf 97' lang='lat'><strong>—</strong></span> <span class='ocrx_word' id='word_1_278' title='bbox 878 2258 940 2291; x_wconf 79' lang='lat' dir='ltr'>Ed.</span> <span class='ocrx_word' id='word_1_279' title='bbox 976 2259 1103 2302; x_wconf 79' lang='lat' dir='ltr'>Redep.</span> <span class='ocrx_word' id='word_1_280' title='bbox 1138 2271 1238 2292; x_wconf 81' lang='lat' dir='ltr'>onere</span> <span class='ocrx_word' id='word_1_281' title='bbox 1263 2271 1322 2292; x_wconf 79' lang='lat' dir='ltr'>nos</span> 
     </span>
     <span class='ocr_line' id='line_1_39' title="bbox 192 2317 504 2339; baseline -0.003 0"><span class='ocrx_word' id='word_1_282' title='bbox 192 2319 316 2339; x_wconf 67' lang='lat' dir='ltr'>exuere</span> <span class='ocrx_word' id='word_1_283' title='bbox 338 2317 504 2339; x_wconf 70' lang='lat' dir='ltr'>conentur.</span> 
     </span>
    </p>
   </div>
  </div>
 </body>
</html>
