1413 2482
187 65 232 100 56
525 68 634 102 Perat
661 68 834 101 nmmos
859 68 990 101 liuern

192 156 401 199 origenistas
434 157 558 191 libellis
590 158 872 203 proscindebant:
913 157 947 190 hi
985 166 1100 190 contra
1140 170 1200 202 spe
1238 157 1328 203 pacis

194 220 368 264 praeclusa
413 221 504 264 apud
553 221 735 253 Arcadium
775 220 1019 265 imperatorem
1060 229 1094 252 et
1128 219 1332 259 Eudoxiam,

196 281 383 326 Theophili
416 282 525 326 questi
556 292 633 316 sunt
665 282 821 328 injurias,
853 282 1042 326 libelloque
1075 281 1192 314 oblato
1217 294 1333 324 graves

197 342 261 387 ipsi
287 352 320 375 et
339 344 476 377 acerbas
502 344 755 377 criminationes
786 344 1018 389 impegerunt,
1051 343 1334 388 postularuntque

198 413 235 436 ut
258 404 487 438 adduceretur
511 406 564 439 vel
589 406 724 446 invitus,
750 416 783 439 et
807 419 920 439 coram
945 405 1078 439 Joanne
1104 405 1336 438 vadimonium

199 465 350 508 sisteret;
383 468 521 501 conficti
552 482 633 501 vero
666 469 844 501 adversum
876 481 910 500 se
943 467 1198 500 accusationum
1229 466 1337 499 libelli

199 527 380 571 praesectis
412 529 503 562 urbis
535 530 745 576 dijudicandi
779 529 1066 575 permitterentur.
1121 528 1337 562 Adducendo

200 589 398 634 Theophilo
424 591 570 626 mittitur
594 592 831 626 Alexandriam
855 591 1037 636 Elaphius3
1069 604 1217 624 caussam
1242 590 1340 623 libel-

201 650 314 684 lorum
340 662 372 684 et
396 654 648 687 accusationum
675 654 838 699 praefecti
863 663 1082 696 cognoscunt.
1120 652 1341 698 Deprehensa

202 713 509 759 Theophilensium
535 717 724 760 legatorum
750 710 934 755 calumnia,
959 716 1086 749 crimen
1111 715 1146 748 hi
1169 715 1203 748 iu
1228 715 1342 748 Theo-

203 774 336 819 philum
371 779 570 822 conserunt,
611 780 651 812 ab
686 793 796 824 eoque
828 781 1033 820 subornatos
1073 790 1145 810 sese
1184 778 1343 810 fatentur.

204 836 367 879 Flagellis
398 840 544 882 graviter
574 841 660 874 caesi
695 841 924 874 detruduntur
956 841 988 874 in
1015 852 1205 879 carcerem,
1229 839 1342 884 quoad

205 898 417 945 Theophilus
444 916 592 936 caussam
617 916 680 948 pro
706 916 740 935 se
774 903 925 935 dicturus
958 903 1104 935 adesset:
1138 915 1206 946 quo
1238 900 1344 934 serius

205 962 407 996 adventante
440 978 516 1009 pars
549 964 582 997 in
620 964 763 997 vinculis
789 964 895 1004 obiit,
925 977 1000 1009 pars
1032 964 1066 996 in
1091 963 1234 996 insulam
1260 963 1344 995 Pro-

208 1036 392 1057 connesum
417 1027 618 1071 deportatur
649 1037 726 1071 post
751 1027 933 1059 adveutum
958 1025 1162 1070 Theophili,
1194 1024 1346 1069 judicum

209 1085 328 1118 animis
354 1089 498 1131 pecunia
523 1089 675 1121 mollitis.
723 1089 817 1121 Haec
847 1088 892 1120 ita
919 1101 935 1118 a
961 1087 1116 1120 Palladio
1142 1088 1345 1119 reseruntur.

210 1147 471 1194 Chrysostomus
501 1151 635 1183 interim
668 1150 875 1192 Origenistas
910 1149 1060 1182 consiliis
1086 1158 1119 1181 et
1143 1148 1346 1182 auctoritate

208 1222 267 1242 sua
292 1209 419 1255 juvasse
445 1213 593 1246 creditus
619 1223 676 1246 est.
728 1212 899 1256 Quocirca
923 1212 985 1245 sub
1011 1211 1185 1244 Barnabae
1208 1210 1348 1243 nomine

212 1273 356 1306 obscure
381 1276 421 1307 ab
442 1275 653 1321 Hieronymo
672 1274 909 1320 perstringitur
934 1273 966 1306 in
993 1273 1088 1318 epist.
1106 1272 1158 1306 16.
1182 1273 1225 1305 ad
1250 1272 1348 1305 Prin-

213 1334 355 1378 cipiam:
391 1350 407 1365 »
420 1337 644 1378 Refrigerata,
676 1336 804 1381 inquit,
843 1335 978 1368 caritate
1010 1334 1218 1374 multorum,
1249 1335 1349 1379 pauci

213 1396 271 1440 qui
301 1398 458 1431 amabant
491 1398 569 1430 fult-i
602 1398 796 1438 fluitatem,
835 1406 951 1429 nostro
986 1396 1084 1429 lateri
1115 1396 1350 1442 jungebantur,

212 1471 358 1502 quorum
383 1461 522 1504 publice
547 1461 726 1505 petebatur
751 1469 864 1504 caput,
887 1468 1004 1491 contra
1029 1471 1114 1503 quos
1132 1471 1215 1504 opes
1233 1472 1350 1493 omnes

213 1521 437 1564 parabantur3
468 1523 512 1555 ita
545 1532 582 1555 ut
613 1523 782 1555 Barnabas
814 1534 951 1566 quoque
983 1510 1166 1554 duceretur
1195 1521 1229 1554 in
1256 1521 1350 1554 illam

213 1581 482 1625 simulationem,
515 1586 584 1618 imo
610 1594 765 1630 apertum
790 1583 1028 1628 parricidium,
1059 1582 1153 1627 quod
1177 1595 1247 1615 non
1273 1582 1351 1615 viri-

214 1645 289 1685 hus,
311 1647 372 1678 sed
396 1647 572 1680 voluntate
599 1646 800 1680 conxrnisit.«

306 1708 385 1742 ΧΗ.
433 1711 579 1754 Jamque
614 1710 703 1742 fama
735 1708 975 1752 percrebuerat
1010 1706 1098 1739 male
1125 1706 1158 1739 in
1182 1706 1351 1740 Joanncm

217 1770 379 1803 affectum
406 1785 475 1805 esse
500 1771 752 1816 Theophilum,
787 1778 820 1802 et
854 1781 983 1801 caussas
1014 1781 1197 1813 quaerere,
1231 1768 1358 1813 quibus

216 1843 294 1863 eum
318 1833 398 1865 sede
424 1834 592 1880 dejiceret.
643 1834 719 1867 Iloc
752 1831 926 1864 intellecto
962 1830 1155 1863 Concilium
1190 1829 1355 1863 Constan-

218 1892 367 1938 tinopoli
394 1896 468 1938 cogi
487 1897 607 1928 volunt
625 1896 815 1940 optimates,
841 1903 874 1926 et
892 1892 1017 1926 Clerici
1036 1892 1243 1936 complures,
1268 1906 1354 1937 quo-

218 1968 292 1988 rum
318 1956 509 1991 inimicitias
536 1958 799 2004 Chrysus-tomus
829 1955 1007 1988 severitate
1039 1967 1097 1987 sua
1123 1953 1188 1986 sibi
1213 1967 1356 1998 peperc-

216 2027 277 2050 rat.
332 2019 501 2051 Futurum
540 2020 574 2052 id
615 2020 767 2064 pollicita
807 2019 872 2064 jain
908 2026 982 2050 ante
1016 2015 1215 2058 Origenistis
1246 2017 1357 2048 fuerat

220 2080 384 2115 Eudoxio.
433 2083 549 2127 ltaque
576 2081 789 2125 Theophilus
809 2079 993 2126 Aegyptios
1008 2077 1189 2122 episcopos
1207 2091 1248 2110 eo
1265 2086 1357 2110 ‘eon-

221 2143 333 2176 festim
358 2144 513 2186 navigare
539 2143 643 2189 jubet,
668 2143 832 2175 antistites
851 2140 1000 2175 Orientis
1025 2140 1066 2172 ad
1089 2139 1283 2172 Concilium
1307 2139 1357 2171 in-

222 2204 313 2238 vitat.
361 2207 431 2239 Nec
462 2206 572 2238 multo
605 2215 683 2250 post
716 2206 832 2249 Cypro
865 2204 999 2237 solvens
1030 2200 1240 2245 Epiphanius
1266 2200 1356 2234 Con-

220 2267 467 2313 stantinopolin
489 2268 642 2314 appellit.
691 2266 838 2301 Obviam
864 2277 1057 2311 progressus
1081 2264 1229 2296 Joannes
1253 2262 1356 2296 totius
