1422 2472
345 69 658 102 omcsmmonum
683 66 798 101 Lmen
816 68 867 101 111
871 95 878 102 .
1113 70 1179 106 203

51 156 288 204 ιῷἜβραΐκῷ
305 156 356 201 μὴ
372 158 404 203 Ι)
429 161 590 202 κείμενα,
616 155 660 191 οὐ
684 156 928 201 τολμήσαντες
945 157 1035 192 αὐτοὶ
1060 157 1178 203 πάντη

49 222 245 265 περιελεῖν·
283 218 374 254 Tm}
399 220 439 254 δὲ
462 219 535 264 μετ’
559 219 781 263 ἀστερίσκων
799 219 1092 266 προσεθήκαλιιεν,
1117 223 1178 255 ἵνα

50 282 164 324 δῆλον
198 275 234 329 ᾗ,
271 278 321 315 ὅτι
352 280 402 325 μὴ
439 284 586 324 κείμενα
617 279 719 324 παρὰ
753 286 825 319 τοῖς
857 280 1108 326 Ἐβὸμήκοντα
1140 284 1179 317 ἐκ

50 345 122 378 τῶν
146 344 286 377 λοιπῶν
311 340 494 377 taddaeum
505 342 538 386 ²)
563 341 773 387 συμφώνως
794 345 843 388 τῷ
867 342 1043 390 Ἑβραῖκῷ
1067 357 1180 389 προς-

49 404 243 448 εθήκαμει».
289 403 338 435 Ex
363 403 428 435 hoc
452 402 530 436 loco
555 403 718 447 suspicari
743 404 839 445 licet,
862 418 933 438 non
957 418 995 438 ex
1019 406 1180 438 Theodo-

49 465 143 498 tione
175 465 306 505 solum,
337 465 396 497 sed
421 473 455 497 et
484 464 558 497 aliis
583 464 791 498 editionibus
815 467 979 499 nonnulla
1003 467 1105 501 fuisse
1128 468 1181 500 in-

47 539 170 571 spersa.
217 525 438 570 Quapropter
459 525 732 571 Epiphanius,³)
765 539 783 559 a
808 540 875 572 quo
907 540 1021 560 rerum
1044 529 1180 562 illarum

48 597 202 621 accurate
224 587 346 620 tradita
369 586 509 620 historia
533 596 593 627 est,
618 587 801 620 desiderari
817 588 862 621 ait
879 602 898 622 a
916 589 1073 633 plurimis
1089 592 1181 636 apud

47 650 246 694 interpretes
269 649 494 694 septuaginta,
519 661 604 693 quae
628 661 668 681 ex
691 648 854 682 Hebraeis
878 651 1005 683 referre
1029 661 1180 696 praeter-

47 710 210 743 miserunt
239 710 324 755 ipsi,
357 710 480 755 Aquila
511 722 609 748 vero,
642 718 676 742 et
705 710 942 756 Symmachus,
981 725 1020 745 ac
1056 713 1180 758 reliqui

46 771 247 816 interpretes
277 779 587 816 repraesentarunt:
624 783 663 803 ex
697 785 766 804 uno
799 782 913 806 autem
937 773 1179 808 Theodotione

46 833 160 866 addita
182 846 252 866 esse
275 846 344 866 non
369 833 538 879 apposuit.
583 833 788 866 Emendatio
813 835 895 867 haec
918 837 992 870 τῶν
1017 836 1179 880 ἑβδομή-

47 908 157 930 κοντα
180 908 243 940 per
266 895 387 928 obelos
420 904 454 927 et
475 893 671 935 asteriscos,
703 908 836 929 caussae
866 896 932 929 fuit
954 897 1179 944 Hieronymo,

47 969 107 990 cur
128 958 175 990 ita
191 957 415 999 Augustinum
440 956 673 1001 alloqueretur
697 957 793 1001 epist.
805 957 859 993 89.
885 971 956 1003 cap.
974 958 1005 993 6.
1038 960 1178 1001 »Μὴ-ον,

48 1019 224 1064 quomodo
241 1017 450 1062 septuaginta
474 1017 698 1061 interpretum
723 1018 829 1052 libros
845 1020 945 1062 legas,
969 1034 1037 1053 non
1062 1035 1178 1066 puros,

47 1089 85 1113 ut
109 1082 150 1113 ab
174 1080 214 1113 iis
238 1079 321 1114 editi
345 1088 432 1119 sunt,
455 1080 515 1112 sed
539 1080 580 1111 ab
605 1078 751 1121 Origene
777 1082 986 1122 emendatos,
1009 1082 1078 1115 sive
1103 1097 1180 1116 cor-

47 1152 165 1188 ruptos
199 1155 262 1187 per
297 1142 417 1174 obelos
457 1151 491 1173 et
523 1140 715 1180 asteriscos,
753 1150 787 1173 et
821 1142 1000 1175 Christiani
1032 1144 1179 1178 hominis

48 1203 418 1250 interpretatiunculam
434 1215 503 1234 non
519 1201 686 1247 sequaris;
709 1203 907 1247 praesertim
925 1217 1002 1236 cum
1020 1217 1068 1245 ea,
1093 1219 1178 1250 quae

47 1267 160 1299 addita
189 1274 284 1305 sunt,
319 1277 357 1297 ex
389 1264 535 1297 hominis
565 1264 687 1298 Judaei
718 1273 818 1309 atque
850 1265 1060 1310 blasphemi,
1099 1276 1179 1312 post

44 1327 235 1372 passionem
253 1325 397 1366 Christi,
422 1325 573 1358 editione
596 1325 834 1358 transtulerit.«
884 1326 1073 1372 Corruptos
1098 1328 1180 1361 dicit

46 1389 153 1422 libros
186 1381 397 1433 septuaginta
433 1387 676 1432 interpretum,
710 1397 855 1433 propter
894 1389 1123 1422 additamenta
1159 1402 1178 1423 e

46 1451 305 1490 Theodotione‚
337 1463 415 1483 cum
445 1449 480 1482 in
514 1449 615 1482 Isaiae
639 1450 692 1484 58.
718 1463 791 1495 cap.
823 1450 1000 1483 emendata
1030 1463 1068 1484 ac
1100 1464 1178 1485 vera

45 1513 197 1559 appellet
209 1512 442 1557 Hexaplorum
467 1511 680 1556 exemplaria,
705 1524 790 1556 quae
815 1512 934 1544 eadem
951 1513 1179 1546 additamenta

46 1576 300 1621 praeferebant3
322 1587 400 1607 nam
423 1574 584 1617 neglectis
608 1573 784 1613 asteriscis,
810 1574 868 1618 qui
893 1574 946 1606 vel
971 1574 1004 1606 in
1022 1576 1177 1617 legendo,

48 1638 101 1670 vel
136 1637 171 1670 in
199 1636 422 1670 describendo
454 1636 577 1678 negligi
609 1644 786 1680 poterant,
825 1635 968 1668 maxima
1000 1638 1178 1671 exsistebat

48 1699 296 1731 Theodotionis
319 1711 396 1731 cum
420 1702 494 1737 τοῖς
517 1696 768 1742 ἑβδομήκοντα
800 1697 971 1730 confusio:
1006 1707 1040 1731 at
1063 1700 1180 1732 obser-

50 1770 127 1794 vata
150 1761 385 1794 asteriscorum
410 1760 636 1800 distinctione,
661 1759 808 1801 legitima
830 1761 903 1793 τῶν
927 1759 1178 1805 ἑβδομήκοντα

50 1823 151 1855 verba
173 1835 191 1856 a
215 1822 455 1856 Theodotione
480 1831 632 1855 accurate
657 1821 924 1856 secernebantur.
971 1823 1088 1868 Itaque
1112 1836 1176 1867 pro

51 1884 188 1926 legentis
211 1884 398 1917 attentione
424 1894 457 1917 et
481 1884 653 1926 diligentia
678 1892 836 1927 corrupta
860 1893 962 1924 erant,
987 1884 1041 1917 vel
1066 1897 1178 1917 emen—

53 1946 137 1978 data.
192 1946 364 1990 Quocirca
397 1946 432 1979 in
464 1946 583 1978 eadem
619 1946 660 1979 ad
694 1945 917 1988 Augustinum
953 1946 1096 1990 epistola
1131 1947 1177 1979 ita

52 2007 160 2051 pergit
182 2008 424 2054 Hieronymus:
466 2008 545 2042 »Vis
577 2017 708 2040 amator
741 2020 810 2041 esse
843 2020 939 2041 verus
969 2008 1178 2052 septuaginta

150 2142 180 2186 ¹)
203 2142 309 2174 Deest
331 2142 362 2176 h.
380 2143 400 2174 l.
424 2142 473 2186 μή
498 2143 531 2175 in
557 2143 632 2175 edd.
651 2142 763 2182 Huet.‚
788 2142 903 2186 itemq.
927 2143 962 2175 in
987 2143 1038 2175 ed.
1058 2141 1175 2175 Ruaei.

146 2198 179 2241 ²)
204 2198 309 2230 Deest
332 2198 364 2231 h.
391 2199 411 2231 l.
437 2199 470 2231 in
497 2200 572 2234 edd.
597 2199 698 2232 Huct.
726 2199 918 2234 ἕκδόσεων.

146 2255 181 2297 ³)
207 2254 276 2288 Cfr.
302 2254 466 2299 Epiphan.
494 2255 550 2289 lib.
578 2256 619 2288 de
644 2256 824 2301 ponderib.
850 2267 920 2299 cap.
947 2255 978 2289 2.
