1413 2482
193 94 238 130 38
529 95 643 129 Pam
666 95 837 129 Dmmus
863 95 995 129 nun-ru

195 184 429 228 Quamobrem
453 185 507 218 hic
533 185 623 219 idem
650 186 813 228 Origenes
837 194 948 219 tantus
974 198 1011 219 :tc
1035 184 1129 224 talis,
1153 184 1233 217 dum
1258 195 1330 226 gra-

194 247 239 279 tia
262 247 328 280 Dei
355 247 552 280 insolentius
577 248 737 289 abutitur,
764 249 843 280 dum
869 247 1005 290 ingenIo
1030 259 1091 280 suo
1114 246 1256 279 nimium
1281 246 1328 278 in-

195 308 329 350 dulget,
359 309 491 354 sibique
515 310 593 342 satis
625 310 753 349 credit,
785 321 862 341 cum
893 308 988 352 parvi
1019 308 1136 352 pendit
1160 308 1329 353 antiquam

146 379 148 381 ’
196 369 403 403 Christianae
434 371 606 413 religionis
639 371 903 416 simplicitatem,
935 370 1017 402 dum
1042 383 1077 404 se
1101 371 1178 415 plus
1204 369 1330 402 cunctis

194 444 312 476 sapere
336 433 538 476 praesumit,
564 434 644 466 dum
670 432 907 465 ecclesiasticas
932 431 1150 472 traditiones,
1174 441 1206 464 et
1230 432 1331 464 Vete-

195 507 271 525 rum
301 494 492 537 magisteria
511 504 747 535 contemnens,
773 495 937 539 quaedam
963 495 1216 539 Scripturarnm
1242 492 1331 537 capi—

195 555 266 588 tula
297 569 388 589 novo
419 569 515 589 more
550 557 806 601 interpretatur,
836 556 961 588 meruit
990 566 1029 588 ut
1061 556 1103 588 de
1135 568 1168 588 se
1194 566 1330 599 quoque

196 617 357 650 ecclesiae
383 617 450 651 Dei
477 618 694 651 diceretur:«
723 618 804 651 »»Si
822 620 852 663 ¹)
877 617 1058 650 surrexerit
1081 617 1115 649 in
1140 616 1255 649 medio
1281 614 1330 647 tui

194 680 432 724 prophetam«
468 690 522 713 »et
556 681 659 725 paulo
692 689 814 725 post:«
852 680 1024 724 »›‚Non²)
1049 680 1182 718 audies,
1212 677 1332 722 inquit,

197 742 299 774 verba
322 742 512 787 prophetae
536 743 682 776 illius.««
735 741 843 774 »Vere
867 755 936 774 non
962 741 1074 775 solum
1097 740 1250 779 tentatio,
1275 739 1331 771 sed

197 802 298 835 etiam
322 816 439 846 magna
464 804 619 845 tentatio,
643 795 792 836 deditzim
816 804 880 836 sibi
906 810 1007 848 atque
1019 803 1054 836 in
1071 816 1106 835 se
1129 802 1332 846 pendentem

197 865 375 898 ecclesiam
400 866 624 899 admiratione
650 865 784 907 ingenii,
807 866 977 906 scientiae,
1003 863 1227 909 eloquentiae,
1254 876 1334 895 con-

197 928 397 961 versationis
422 937 454 961 et
479 928 622 970 gratiae,
652 927 736 960 nihil
762 928 804 959 de
829 941 863 960 se
893 927 1137 971 suspicantem,
1169 926 1251 959 nihil
1277 939 1333 958 ve-

196 999 344 1030 rentem,
375 989 488 1022 subito
522 1003 539 1023 a
571 989 676 1023 veteri
700 989 863 1031 religione
887 989 921 1021 in
945 1002 1068 1021 novam
1094 988 1333 1033 profanitatem

197 1052 337 1092 sensim,
373 1052 607 1096 paulatimque
640 1052 849 1083 traducere.«
906 1051 995 1083 Tum
1025 1052 1184 1083 Lectores
1209 1059 1335 1089 monet,

200 1113 331 1146 etiamsi
356 1114 509 1158 corrupti
539 1114 604 1147 sint
637 1113 715 1146 libri
741 1112 917 1155 Origenis,
948 1113 1042 1157 quod
1065 1124 1133 1144 non
1159 1111 1334 1151 diffitetur,

199 1176 260 1207 sub
286 1175 356 1221 ejus
378 1184 491 1208 tamen
518 1176 656 1208 nomine
682 1174 859 1214 venditari,
886 1183 917 1206 et
943 1175 984 1207 ad
1005 1174 1219 1207 insinuandos
1245 1187 1336 1207 erro-

197 1250 250 1270 res
273 1246 405 1270 tantum
434 1250 560 1269 nomen
594 1237 705 1269 valere
730 1249 839 1281 posse.
901 1236 948 1267 lta
980 1235 1183 1268 renascentis
1216 1235 1336 1278 Orige—

197 1299 297 1331 nismi
322 1299 525 1343 propagines
548 1299 582 1331 in
604 1299 794 1331 Occidente
820 1297 920 1329 elisae
944 1306 1032 1329 sunt.
1067 1296 1136 1329 Sed
1156 1306 1188 1329 et
1213 1298 1335 1330 iterum

198 1360 340 1400 ibidem,
364 1360 554 1404 iterumque
579 1369 655 1392 sunt
681 1370 859 1398 contusae,
889 1367 926 1390 ut
951 1358 983 1390 in
1009 1359 1162 1402 sequenti
1186 1359 1334 1392 sectione

201 1422 427 1456 ostendemus,

446 1661 710 1711 SECTIO
750 1662 1092 1712 SECUNDA.

198 1770 224 1806 ἶ.
247 1771 462 1817 Theophilus
487 1774 732 1808 Alexandrinus
756 1774 940 1807 monachos
966 1773 1130 1818 quosdam
1154 1772 1336 1805 Nitriensrs

197 1844 314 1877 vexat3
337 1836 382 1868 II.
408 1846 440 1868 et
467 1837 582 1869 afficto
618 1837 698 1881 ipsis
730 1836 944 1878 Ori'genismo
971 1834 1176 1876 Origenistas
1201 1846 1263 1866 una
1289 1834 1336 1866 in-

199 1906 354 1930 sectatur.
404 1898 464 1930 lll.
499 1899 593 1931 Aliae
633 1898 762 1931 dissidii
797 1898 894 1942 hujus
931 1908 1063 1929 caussae
1106 1896 1335 1940 proferuntur.

199 1959 356 2005 Synodus
381 1959 607 1992 Alexandrina
640 1959 845 2001 Origenistas
870 1960 1023 1997 damnat,
1055 1970 1141 2002 quos
1165 1957 1338 2001 Theophi-
1354 1980 1363 1989 x

198 2021 250 2053 lus
275 2033 314 2053 cx
339 2021 494 2066 Aegypto
521 2022 687 2054 deturbat.
736 2021 791 2053 lV.
818 2022 975 2065 Aequum
1009 2021 1050 2052 de
1085 2019 1134 2051 his
1167 2028 1337 2051 concerta-

197 2082 346 2116 tionibus
371 2082 611 2115 posthumiani
636 2082 810 2127 judicium.
860 2083 900 2115 V.
926 2081 1114 2125 Theophili
1130 2081 1255 2113 factum
1281 2093 1338 2125 ap-

196 2147 349 2192 probant
368 2144 568 2183 Anastasius,
592 2144 811 2188 Epiphanius,
837 2153 868 2176 et
885 2143 1122 2188 Hieronymus».
1163 2143 1220 2174 Vl.
1249 2141 1338 2175 Uin-is

302 2287 333 2330 ¹)
356 2286 458 2319 Deut.
483 2285 582 2324 XIII,
609 2285 637 2319 1.
736 2283 770 2327 2)
795 2285 897 2318 Deut.
923 2284 1019 2325 XIII,
1047 2283 1077 2318 3.
