1422 2472
396 95 581 126 Aponoam
606 102 676 126 pao
702 93 881 127 Οιυῡεκε.
1139 89 1203 126 307

72 184 177 215 factus
203 183 324 216 mansit
349 185 441 229 quod
457 185 488 228 ¹)
513 193 582 217 erat
605 184 710 217 Deus.
756 184 890 228 Corpus
912 180 1063 215 assumsit
1086 189 1202 214 nostro

63 245 210 298 'corpori
233 245 361 286 simile,
393 259 434 278 eo
466 246 541 278 solo
574 245 752 286 differens,
785 245 877 290 quod
908 245 1050 289 natu-5²)
1075 256 1114 276 ex
1139 243 1204 275 vir-

72 306 147 348 gine
173 316 205 339 et
229 307 357 351 Spiritu
382 317 496 340 sancto
530 317 588 341 est.
635 307 680 340 Et
711 307 871 353 quoniam
903 306 957 339 hic
986 306 1082 339 Jesus
1107 304 1205 338 Chri-

72 377 141 401 stus
171 378 265 402 natus
298 377 330 401 et
359 381 474 414 passus
505 378 555 402 est
584 369 619 402 in
652 369 808 410 veritate,
843 378 876 402 et
905 381 974 401 non
1004 380 1066 412 per
1089 366 1205 409 imagi—

73 443 150 462 nem
163 431 196 475 3)
231 431 491 474 communem⁴)
525 432 608 464 hanc
638 440 783 464 mortem
807 429 981 470 sustinuit,
1013 442 1090 462 vere
1115 441 1206 461 mor-

74 501 168 525 tuus:
193 505 270 525 vere
295 492 384 525 enim
409 493 489 537 et⁵)
516 506 534 526 a
558 493 701 526 mortuis
725 492 916 531 resurrexit,
940 501 973 523 et
996 500 1073 536 post
1097 503 1206 523 resur-

73 553 276 594 rectionem,
315 556 572 600 conversatus⁶)
606 567 681 587 cum
714 553 888 597 discipulis
919 552 1004 593 suis,
1042 562 1206 606 assurntus

76 624 133 648 est.
182 615 271 648 Tum
297 615 418 648 deinde
444 616 573 649 honore
607 629 646 649 ac
679 615 837 657 dignitate
861 614 952 646 Patri
978 624 1013 647 et
1035 614 1127 647 Filio
1152 628 1207 647 so-

76 676 199 710 ciatum
229 677 441 710 tradiderunt
472 676 638 722 Spiritum
671 685 832 709 sanctum.
886 676 926 708 In
958 675 1023 708 hoc
1047 689 1116 708 non
1140 676 1206 722 jam

74 737 251 771 manifeste
275 738 486 779 discernitur,
510 748 624 771 utrum
646 747 742 770 natus
765 737 862 781 sit‚⁷)
887 750 927 769 an
951 737 1114 771 innatus.«

164 799 445 833 PAMPHILUS.
505 799 575 843 Qui
606 800 648 832 de
679 808 779 838 nato,
817 798 871 831 vel
909 798 1024 832 innato
1054 799 1207 845 requirit,

75 859 145 892 sine
170 860 275 893 dubio
301 870 472 894 creaturae
497 860 531 894 in
556 873 596 893 eo
619 860 748 894 nullam
769 861 869 892 habet
885 860 1102 905 opinionem;
1126 862 1210 894 alio-

78 920 159 966 quin
183 931 216 954 et
239 922 305 955 hoc
328 922 519 956 adduxisset
542 923 583 955 ad
614 921 879 967 inquisitionem.
927 922 971 956 Et
983 924 1016 967 ⁸)
1049 923 1207 969 adjungit.

169 983 416 1018 ORIGENES.
467 984 597 1029 »Vel9)
628 984 737 1017 Filius
769 984 867 1016 etiarn
900 984 971 1029 ipse
997 985 1063 1020 Dei
1087 986 1211 1019 haben-

81 1046 142 1078 dus
165 1045 218 1085 sit,
242 1058 306 1078 nec
328 1059 381 1079 ne.
428 1046 496 1079 Sed
519 1044 716 1090 inquirenda
741 1044 807 1090 jam
831 1046 890 1078 ista
916 1060 978 1090 pro
996 1047 1122 1080 viribus
1133 1058 1210 1080 sunt

81 1109 122 1140 de
155 1107 334 1152 sanctam)
367 1107 561 1151 Scriptura,
603 1116 635 1139 et
665 1106 771 1148 sagaci
802 1107 1047 1152 perquisitione
1072 1109 1211 1143 investi·

179 1236 208 1279 ¹)
234 1235 320 1267 Edd.
344 1235 392 1268 M.
419 1236 507 1280 quod
528 1236 620 1268 Deus
644 1242 729 1269 erat.

177 1292 211 1334 ²)
236 1292 299 1325 Ed.
324 1292 373 1324 M.
399 1300 432 1323 et
455 1290 719 1335 Redepenning:
743 1298 872 1325 natum.

175 1350 211 1393 ³)
235 1349 299 1382 Ed.
323 1346 585 1391 Redcpenning:
606 1348 839 1391 phantasiam.

176 1405 210 1449 Δ)
236 1404 293 1438 Sic
319 1403 430 1436 Codd.
455 1402 674 1442 sorbonicus,
700 1412 732 1436 et
751 1403 879 1436 Montis
904 1404 939 1438 S.
965 1402 1152 1444 Michaelis,
1177 1418 1213 1437 ac

86 1451 143 1483 alii
166 1451 247 1483 Mss.
273 1450 439 1481 librorum
465 1448 505 1479 de
530 1447 718 1492 Principiis
769 1449 882 1482 Ceteri
906 1461 994 1480 vero
1022 1449 1127 1482 Codd.
1155 1451 1215 1482 hu-

84 1496 135 1542 jus
162 1494 360 1539 Apologiae,
386 1503 418 1525 et
441 1493 623 1526 Merlinus:
646 1506 848 1527 communem
871 1495 960 1527 hanc
978 1501 1117 1527 mortem
1139 1508 1216 1529 ‘cere

84 1548 247 1576 mortum.
282 1538 536 1573 Genebrardus:
562 1540 728 1572 communi
740 1541 804 1572 lzac
826 1546 932 1572 morte
953 1551 1031 1573 vere
1053 1547 1214 1583 mortuus,

88 1586 231 1619 omisso:
254 1585 427 1619 sustinuit.
451 1583 492 1615 R.

182 1643 215 1686 ⁵)
240 1641 346 1674 Deest
369 1647 401 1673 et
424 1638 457 1671 in
482 1639 556 1672 edd.
584 1639 633 1671 M.
659 1648 692 1671 et
714 1638 967 1683 Redepenuiug‚

182 1698 215 1742 ὓ)
240 1696 332 1730 Editi
357 1703 406 1741 (v.
433 1708 459 1727 c.
486 1695 561 1728 edd.
586 1695 672 1739 M.),
705 1703 738 1726 et
763 1693 850 1728 Cod.
875 1695 1099 1729 sorbonicus:
1132 1709 1215 1730 con-

89 1750 243 1778 versatus
273 1749 323 1776 est
353 1754 428 1775 cum
458 1741 635 1785 discipulis
665 1742 753 1782 suis,
784 1746 816 1773 et
845 1747 1012 1774 assumtus
1041 1748 1100 1775 est.
1147 1742 1215 1775 Sed

92 1789 193 1822 ceteri
215 1788 296 1821 Mss.
320 1796 358 1819 ut
380 1786 414 1819 in
439 1795 541 1818 textu.
566 1786 606 1818 R.

186 1846 218 1888 ⁷)
245 1844 349 1876 Deest
372 1845 417 1876 sit
440 1842 472 1875 in
497 1842 549 1874 ed.
567 1841 819 1886 Redepenning.

185 1902 220 1944 ⁸)
244 1900 370 1933 Verba:
403 1899 449 1931 Et
473 1899 648 1942 adjunqit,
682 1910 765 1942 quae
796 1898 974 1942 profemnt
1003 1897 1085 1930 editi
1122 1900 1167 1942 (v.
1191 1913 1218 1933 c.

97 1947 172 1978 edd.
198 1946 275 1989 M.)‚
299 1957 366 1976 non
391 1952 587 1987 comparent
610 1943 643 1974 in
669 1943 826 1975 omnibus
852 1942 931 1975 Mss.
956 1942 1088 1976 nostris.
1112 1944 1151 1976 l'x.
1179 1965 1217 1969 —

96 1992 183 2024 Edd.
211 1991 258 2024 M.
288 1991 334 2023 Et
358 1990 517 2032 aAJunqit
550 1990 712 2032 Origenes
743 2001 790 2022 cm
819 1990 912 2031 filius
941 1989 1042 2021 etiam
1071 1991 1143 2033 ipse
1167 1992 1219 2022 dei

97 2037 267 2069 habendus
291 2037 347 2077 sit,
371 2047 433 2068 nec
460 2046 510 2067 ne.

188 2080 432 2114 ORlGENJ-Ls.
480 2080 548 2112 Sed
569 2080 778 2122 inquirenda
801 2087 863 2112 etc.

135 2141 140 2144 “
191 2136 226 2180 <³)
250 2137 437 2180 Depromta
467 2144 543 2167 suut
573 2134 654 2166 haec
685 2135 784 2167 verba
812 2148 849 2166 ex
875 2133 967 2175 Orig.
992 2137 1073 2180 περὶ
1100 2135 1222 2179 ἀρχῶν

104 2182 159 2213 lib.
186 2182 210 2214 l.
243 2194 332 2213 uum.
359 2181 558 2212 lv-Vlll.
596 2179 664 2213 Csr.
699 2180 750 2213 ed.
788 2179 1037 2223 Redepenning.
1071 2192 1143 2223 pag.
1168 2180 1224 2215 91.

101 2240 192 2271 seqq.
218 2226 296 2259 coll.
321 2226 371 2258 cd.
396 2234 498 2258 nostr.
524 2225 623 2258 Tom.
647 2225 743 2257 ΧΧΙ.

175 2283 226 2326 10)
252 2281 312 2314 Ed.
338 2281 466 2325 Rcdep.
494 2293 605 2314 sacra.

954 2340 997 2374 *20
1012 2347 1026 2363 ¹*
