1422 2472
351 114 660 150 Omeemmonum
691 115 803 149 Lmen
829 114 890 149 111.
1121 115 1185 151 147

50 202 125 237 dem
148 203 184 236 in
209 203 297 237 libro
323 204 365 237 de
389 205 544 250 scriptor.
571 203 689 237 eccles.
714 205 838 249 absque
864 203 1081 237 haesitatione
1107 203 1186 237 huic

48 266 210 299 attribuit.
258 266 358 299 Unde
396 267 628 312 explodendos
660 266 899 299 Heterodoxus
936 266 1089 311 quidam,
1127 265 1186 310 qui

47 340 101 361 eas
125 327 241 374 posuit
264 341 374 374 nuper
396 328 485 361 inter
497 328 612 373 Opera
627 328 782 371 Origenis
807 329 1035 375 supposititia.
1084 328 1186 362 Cete-

46 403 121 423 rum
157 390 307 436 primum
337 390 544 424 Philocaliae
583 400 683 436 caput
717 392 943 433 fragmentum
979 391 1113 424 exhibet
1144 403 1182 423 ex

46 453 198 487 Humilia
221 453 367 487 secunda
390 453 424 486 in
449 453 660 494 Leviticum,
693 467 777 499 quae
803 454 941 499 quidem
966 454 1006 486 ab
1032 451 1186 486 Homilia

45 517 192 550 secunda
214 517 410 551 Rufinianae
436 516 650 550 collectionis
673 517 774 562 plane
800 516 930 550 diversa
955 525 1015 550 est.
1051 516 1185 548 Decur-

46 589 149 613 tatam
175 593 212 613 ea
235 579 403 625 particula
429 589 461 613 et
484 579 675 612 mutilatam
700 592 718 612 a
742 579 867 612 Rufino
883 578 1072 612 Homiliarn
1097 578 1182 610 lianc

46 643 175 688 opinati
207 652 285 676 sunt
309 642 467 688 quidam;
501 642 559 675 sed
583 643 694 675 multo
720 641 937 675 verisimilius
970 649 1037 681 est,
1067 641 1182 685 plures

44 705 144 739 fuisse
162 705 390 739 Humiliarum
413 705 552 738 istarum
577 704 812 748 collectiones,
839 713 871 737 et
894 703 928 736 in
953 715 1019 736 una
1044 702 1182 748 quidem

43 768 230 802 secundum
253 768 397 802 tenuisse
421 767 537 801 locum
562 767 750 801 Homiliam
782 767 894 808 illam,
930 766 1020 799 unde
1051 765 1183 811 prodiit

42 830 250 865 philocaliae
275 832 510 874 fragmentum,
537 843 621 876 quae
647 844 665 864 a
689 830 868 864 Rufiniana
893 828 1100 862 collectione
1125 829 1183 861 ab·

41 893 154 930 fuerit.
201 893 369 928 Homilias
394 893 533 939 quidem
557 893 592 926 in
615 894 801 934 Numeros,
826 905 912 938 quae
938 901 1136 937 supersunt,
1161 905 1180 924 a

42 970 77 990 se
102 957 261 991 collectas
293 966 326 990 ct
358 956 500 999 digestas
524 956 666 990 Rufinus
700 956 773 1001 ipse
806 954 996 1001 praedicat,
1033 964 1071 987 ut
1101 967 1180 987 mox

41 1019 204 1053 dicemus.
249 1019 421 1053 Homiliae
458 1019 493 1052 in
526 1018 711 1052 Jercmiam
745 1020 786 1051 ab
817 1018 1029 1064 Hieronymo
1063 1017 1180 1050 Latine

41 1082 211 1122 redditae,
234 1082 303 1115 alio
330 1081 451 1115 ordine
476 1081 509 1113 in
536 1081 687 1114 editione
712 1081 832 1121 latina,
858 1094 958 1126 quam
982 1081 1016 1113 in
1042 1080 1181 1114 Codici-

41 1145 103 1177 bus
131 1143 270 1178 Graecis
295 1145 484 1177 collocatae
509 1152 602 1175 sunt:
629 1143 721 1187 quod
748 1152 781 1175 et
806 1142 887 1175 alibi
912 1145 1038 1176 sactum
1064 1144 1178 1176 obser—

42 1205 202 1240 vabimus.
250 1207 345 1239 Idem
379 1206 492 1250 itaque
517 1204 678 1238 Homiliis
709 1204 743 1237 in
767 1204 958 1238 Leviticum
991 1205 1178 1247 contigisse,

41 1277 75 1300 et
109 1281 173 1313 pro
212 1267 454 1314 interpretum,
490 1267 764 1300 studiosorumve
803 1266 903 1299 libitu
941 1267 1038 1301 variis
1071 1267 1181 1300 modis

40 1330 143 1364 fuisse
166 1331 324 1372 selectas,
350 1340 384 1364 ct
409 1330 578 1363 ordinatas
604 1329 791 1362 existimare
815 1329 970 1374 proclive
996 1339 1055 1362 est.

129 1393 189 1428 IV.
225 1393 276 1427 Ex
299 1393 470 1436 Prologu,
505 1405 607 1438 quem
631 1391 786 1437 praefixit
810 1392 951 1424 Rufinus
976 1391 1177 1437 interpreta-

39 1456 126 1490 tioni
156 1469 252 1497 suae,
285 1465 364 1489 octo
399 1465 432 1489 et
455 1455 573 1498 viginti
604 1453 835 1487 Homiliarum
861 1454 1017 1497 Origenis
1052 1455 1087 1487 in
1111 1456 1181 1488 Nu-

37 1531 167 1559 meros,
201 1531 286 1564 quae
311 1519 353 1552 ad
377 1518 461 1551 hanc
486 1518 576 1551 diem
602 1526 806 1562 supersunt,
842 1525 875 1549 et
907 1529 944 1550 ex
976 1517 1050 1562 ipso
1077 1517 1176 1550 etiam

37 1579 116 1613 stilo
146 1579 348 1623 intelligitur
377 1580 595 1613 vehementer
631 1593 689 1612 eos
720 1579 812 1619 salli,
850 1579 1042 1624 quicunque
1073 1579 1176 1612 alium

37 1642 258 1687 interpretem
282 1641 457 1684 assignant,
484 1654 585 1687 quarn
610 1641 784 1675 Rufinum.
835 1640 1101 1687 »Quaecunque,
1126 1642 1177 1675 in—

38 1704 125 1748 quit,
156 1704 193 1738 in
216 1706 447 1738 Numerorum
476 1704 583 1745 libro,
616 1703 685 1737 sive
709 1702 934 1736 Homiliatico
966 1705 1066 1747 stilo,
1104 1705 1173 1738 sive

36 1765 138 1799 etiam
162 1779 201 1799 ex
229 1766 298 1807 his,
332 1779 417 1812 quae
442 1765 611 1812 Excerpta
635 1765 870 1811 appellantur,
901 1766 1024 1812 scripta
1048 1767 1177 1813 reperi-

34 1840 121 1869 mus,
144 1827 226 1862 haec
246 1837 448 1873 perurgente
468 1837 513 1869 tc,
527 1826 747 1873 (Ursacz'um
771 1828 1002 1873 alloqul‘tur‚)
1023 1830 1176 1863 Romana

35 1899 72 1922 ut
94 1890 270 1935 potuimus
295 1903 381 1924 voce
414 1903 453 1924 ex
478 1890 618 1924 diversis
648 1890 684 1923 in
714 1903 818 1923 unum
851 1890 1006 1924 ordinem
1032 1891 1174 1925 collecta

35 1950 263 1994 digessimus«
312 1952 381 1986 Has
404 1965 540 1998 nempe,
565 1965 646 1998 quas
670 1951 851 1993 habemus,
876 1952 1044 1987 Homilias
1069 1954 1175 1987 unde-

35 2024 166 2058 cunque
189 2013 352 2048 collectas
383 2027 447 2060 pro
473 2013 614 2047 arbitrio
648 2027 709 2048 suo
742 2013 776 2047 in
809 2013 964 2048 ordinem
996 2015 1175 2061 disposuit,

35 2072 249 2120 simulque¹)
280 2074 383 2109 etiam
407 2074 545 2111 Scholia
574 2075 647 2121 ipsa
685 2075 902 2121 permiscuit3
933 2077 1027 2122 quod
1049 2077 1174 2110 Rufino

132 2184 163 2227 ¹)
188 2184 279 2218 lund
301 2186 392 2220 forte
418 2187 454 2220 in
480 2200 576 2221 causa
603 2198 662 2228 est,
689 2200 749 2221 cur
773 2188 809 2221 in
828 2188 996 2235 ejusmodi
1014 2187 1175 2221 Hominis

36 2230 200 2275 quaedam
224 2241 264 2262 ex
286 2238 444 2276 tempore
468 2234 709 2278 pronuntiata,
740 2233 905 2267 nonnulla
931 2246 1011 2266 vero
1039 2246 1075 2265 ex
1102 2233 1173 2266 otio

36 2275 158 2320 scripta
184 2283 217 2308 et
246 2275 352 2308 fusius
384 2285 588 2320 pertractata
613 2279 799 2312 videantur.
848 2278 936 2310 Hinc
969 2278 1067 2310 etiam
1093 2278 1176 2311 acci-

38 2319 97 2359 dit,
115 2329 151 2353 ut
168 2318 318 2353 neutrius
334 2321 446 2365 operis
465 2331 599 2366 tempus
619 2332 710 2356 certo
729 2323 795 2368 jam
813 2323 971 2364 assignari
991 2331 1100 2366 queat.
1132 2323 1174 2356 R.

836 2382 908 2418 10*
