1422 2472
398 68 585 99 Aporoem
611 74 681 98 PRO
705 64 881 99 Omemm.
1136 65 1200 101 397

78 153 210 186 cionem
234 153 348 198 potius
378 154 569 199 disputandi
602 155 634 186 ei
664 154 859 199 scripturae
889 167 998 187 sermo
1032 157 1200 196 suggessit,

77 215 258 248 discutiens
274 225 308 248 et
329 224 532 260 pertractans
550 228 599 255 en,
616 228 700 260 quae
714 216 823 248 sensui
844 215 912 260 ejus
932 226 1153 256 occurrerant,
1170 218 1199 260 ¹)

75 276 292 309 discernenda
323 277 404 310 hacc
434 277 619 319 legentibus
651 277 807 321 exposuit
845 287 878 309 et
908 278 1099 321 probanda,
1132 291 1200 310 non

76 338 254 370 manifesto
279 338 452 380 dogmate,
477 338 577 383 vel²)
609 338 859 383 Scripturarum
882 338 1081 371 sententiam
1106 352 1199 371 suam

74 399 270 431 auctoritate
295 398 475 439 definiens,
510 399 705 444 frequenter
728 409 760 432 et
786 400 871 432 illud
895 400 1036 433 addens:
1067 400 1126 440 „Si
1153 409 1200 432 ta-

74 472 151 492 men
181 460 303 492 habere
336 461 470 493 videtur
501 471 557 493 aut
588 462 750 505 probatur
781 461 910 506 aliquid
942 462 1199 506 consequentiae

73 533 183 553 sermo
204 521 244 563 is,
268 533 367 565 quem
392 522 433 553 de
460 521 578 554 Anima
602 522 851 555 tractavimus.“
893 524 1049 568 Denique
1074 524 1107 556 in
1131 533 1199 556 tam

73 582 199 623 multis,
223 592 256 614 et
280 592 346 615 tam
371 582 509 615 diversis
535 583 604 628 ejus
632 583 725 616 libris
755 597 916 629 nusquam
942 585 1081 617 omnino
1106 585 1199 617 inve-

74 644 165 676 nitur
188 645 230 676 ab
255 656 295 675 eo
321 644 407 676 liber
429 644 568 689 proprie
593 645 633 677 de
651 645 768 678 Anima
793 647 1012 691 conscriptus,
1035 645 1121 678 sicut
1145 646 1200 678 ha-

72 706 130 737 bet
154 706 206 738 vel
231 706 273 737 de
298 706 478 751 Mul-tyrio,
513 706 566 738 vel
597 707 637 738 de
669 707 851 747 Oratione,
885 708 937 739 vel
967 707 1009 739 de
1041 708 1201 740 Resurre-

73 767 196 800 ctione.
242 768 413 811 Nusquam
438 781 574 812 prorsus
599 767 722 800 librum
747 768 885 812 proprie
911 769 952 800 de
975 767 1097 801 Anima
1119 769 1199 801 scri—

71 837 168 872 ptum
193 828 315 870 edidit;
338 829 396 861 sed
421 828 454 860 in
479 828 618 861 diversis
645 829 739 869 locis,
762 830 849 862 sicut
872 830 1024 874 superius
1044 829 1198 871 diximus,

72 890 280 922 incurrentes
316 889 378 922 sibi
411 889 588 935 opiniones
626 903 665 922 ex
696 890 890 936 Scripturae
921 891 1198 936 occasionibus³)

71 952 268 984 disserebat:
302 952 393 996 quod
425 952 539 996 potius
564 952 699 984 maximi
729 953 813 995 signi
836 953 1042 985 reverentiae
1067 953 1136 999 ejus
1160 968 1197 987 ac

71 1013 202 1046 timoris
226 1013 261 1046 in
286 1013 406 1046 divinis
430 1014 640 1056 dogmatibus
658 1027 726 1046 esse
751 1015 900 1054 deberet,
925 1015 1016 1059 quod
1031 1016 1113 1048 tanti
1124 1029 1198 1048 sen-

71 1088 125 1108 sus
150 1075 209 1115 vir,
233 1084 266 1107 et
289 1084 398 1107 tantae
422 1075 638 1119 prudentiae,
679 1088 753 1107 cum
787 1075 904 1120 utique
934 1076 1089 1118 magister
1111 1087 1197 1110 esset

73 1136 244 1176 ecclesiae,
269 1145 301 1169 et
325 1145 414 1168 tanta
439 1137 479 1168 ab
505 1149 544 1168 eo
570 1136 658 1170 dicta
671 1137 907 1177 scriberentur,
929 1151 997 1170 non
1010 1138 1042 1182 ⁴)
1069 1148 1117 1171 est
1141 1153 1198 1172 au-

71 1211 124 1230 sus
149 1198 183 1231 id
207 1198 271 1230 sibi
294 1198 501 1230 auctoritatis
523 1211 700 1238 assumere,
725 1208 762 1230 ut
785 1199 923 1243 proprie
948 1199 990 1231 de
1012 1200 1132 1232 Anima
1158 1201 1197 1233 li-

70 1260 169 1291 brum
208 1260 322 1292 ederet
359 1259 534 1304 scriptum.
587 1260 713 1292 Procul
747 1260 850 1292 dubio
889 1261 971 1293 haec
1006 1263 1196 1295 observatio

69 1321 140 1367 ejus
162 1321 250 1354 illud
273 1321 410 1361 indicat,
435 1321 526 1366 quod
551 1321 632 1354 nihil
657 1322 801 1354 audebat
825 1323 866 1354 de
890 1322 950 1355 hac
970 1335 1005 1355 re
1019 1324 1195 1357 manifesto

71 1384 226 1426 dogmate
251 1383 461 1415 confirmare.

157 1444 314 1489 Denique
338 1445 371 1477 in
396 1457 436 1476 eo
463 1444 569 1484 libro,
600 1457 699 1489 quem
730 1445 764 1478 in
789 1446 966 1490 epistolam
992 1447 1196 1492 Apostoli&

71 1507 112 1539 ad
135 1506 251 1539 Titum
274 1506 401 1546 scribit,
425 1506 629 1539 haereticum
653 1507 856 1548 describens,
881 1517 913 1540 et
926 1507 1054 1541 animae
1071 1508 1194 1542 faciens

70 1568 288 1611 mentionem,
312 1568 393 1601 haec
418 1568 507 1602 dicit.

167 1682 197 1725 ¹)
221 1681 309 1713 Edd.
334 1680 382 1712 M.
407 1685 682 1719 „occurrerunt.“

161 1737 195 1781 ²)
221 1737 300 1770 Mss.
318 1735 482 1781 plerique,
508 1745 540 1767 et
555 1736 761 1768 Genebrardi
787 1737 910 1770 editio:
933 1739 1008 1778 „vel
1032 1739 1191 1784 abruptae

70 1781 253 1815 sententiae
277 1781 474 1814 auctoritate
500 1781 694 1813 definiens.“
741 1783 904 1815 Merlinus
929 1797 1026 1816 vero:
1058 1794 1114 1823 „et
1136 1786 1192 1817 ab·

71 1837 170 1872 rupta
194 1826 391 1859 auctoritate
416 1826 608 1859 definiens.“
656 1827 734 1860 Mss.
767 1829 983 1867 sorbonicus.
1008 1838 1040 1861 et
1064 1829 1098 1862 S.
1124 1831 1190 1862 Mi-

71 1872 193 1904 chaelis
216 1871 250 1904 in
274 1871 425 1915 periculo
441 1871 557 1903 maris:
583 1872 657 1910 „vel
684 1872 741 1917 (al.
758 1874 831 1916 sed)
856 1873 1190 1917 scripturarumsen-

71 1917 208 1950 tentiam
233 1929 324 1949 suam
350 1916 547 1949 auctoritate
574 1916 783 1950 definiens:“
817 1927 849 1950 et
872 1918 916 1950 ita
943 1919 1120 1961 legendum
1146 1921 1191 1951 vi-

71 1964 179 1995 detur.
205 1963 244 1995 R.

163 2019 196 2062 ³)
222 2018 348 2051 Omnes
372 2018 452 2052 Mss.
480 2018 604 2051 nostri:
636 2019 923 2059 „occasionibus.¹‘
970 2020 1063 2053 Editi
1092 2021 1140 2065 (v.
1164 2033 1189 2053 c.

71 2064 147 2098 edd.
174 2065 237 2108 M.)
261 2063 490 2103 „occasione.“
516 2064 555 2097 R.

164 2120 197 2164 ⁴)
221 2120 313 2152 Editi
345 2121 393 2164 (ν.
426 2132 453 2155 c.
477 2120 552 2152 edd.
578 2120 642 2166 M)
676 2133 765 2160 „non
798 2133 894 2153 ausus
927 2119 1001 2154 sit.“
1044 2121 1122 2153 Mss.
1154 2130 1189 2153 ut

71 2166 103 2198 in
128 2174 230 2200 textu.
253 2165 293 2198 R.

164 2222 196 2265 ⁵)
223 2221 313 2254 Editi
337 2222 382 2265 (v.
410 2236 434 2254 c*
462 2221 535 2253 cdd.
564 2221 626 2265 Μ.)
652 2221 810 2253 omittunt
837 2221 1047 2265 „Apostoii‘⁴
1073 2222 1112 2254 R.
