1413 2482
184 80 253 117 246
521 82 634 116 Pssrm
658 82 832 116 Daunius
855 82 987 115 Hunni

189 171 265 205 libr.
286 173 309 205 l.
334 173 409 205 adv.
437 172 590 206 Arianos.
641 170 712 215 Qui
742 180 855 204 autem
882 170 1080 205 coluthiani
1111 172 1334 218 appellaban-

190 243 256 274 tur,
281 247 349 266 non
375 246 393 266 a
415 234 565 267 Luciano
591 234 653 267 illo
680 243 851 267 traxerunt
873 246 1019 274 nomen,
1042 242 1081 267 ut
1105 233 1235 280 opinati
1258 244 1336 268 sunt

192 295 341 340 quidam,
364 295 424 328 sed
449 308 467 328 a
493 296 643 329 Colutho
660 296 902 330 Haeresiarcha
917 296 991 329 Arii
1015 296 1121 337 socio,
1147 296 1241 343 cujus
1265 310 1336 331 me-

191 357 290 390 minit
314 357 523 402 Epiphanius
557 358 658 392 Haer.
684 357 737 393 69.
770 370 841 402 cap.
868 356 901 391 2.
949 357 1208 400 Distinguantur
1229 371 1336 404 porro

191 418 225 451 hi
249 419 461 452 Lucianistae
487 420 528 452 ab
553 419 626 452 aliis
651 419 861 460 Lucianistis‚
887 419 1026 453 Luciani
1052 419 1226 465 cujusdam
1249 420 1337 454 anti-

193 481 321 525 quioris
347 491 378 514 et
404 481 642 514 Marcionistae
669 481 860 526 discipulis,
894 481 987 527 cujus
1012 482 1163 515 haeresin
1186 482 1338 527 Epipha-

191 542 266 575 nius
292 544 517 589 persequitur.
565 543 779 589 Scriptorem
811 542 914 576 trium
947 543 1115 576 librorum
1140 543 1174 577 in
1197 543 1337 583 Jobum,

191 605 348 638 Latinum
373 606 539 639 existimat
563 606 733 645 Erasmus,
759 618 906 650 eumque
935 618 1004 639 esse
1028 605 1255 640 Maximinum
1279 605 1337 638 ha-

191 666 353 708 riolatur,
402 668 496 714 cujus
541 677 667 701 exstant
703 667 963 712 Disputationes
1012 681 1090 701 cum
1126 667 1336 710 Augustino:

195 729 334 762 »Fuisse
358 730 533 770 Latinum,
565 729 691 775 inquit,
725 729 879 774 inprimis
908 729 979 774 ipse
1013 729 1127 775 operis
1149 738 1264 772 gustus
1287 728 1337 762 in-

194 791 302 824 dicat:
330 792 384 825 vix
410 793 499 825 enim
525 792 703 837 quisquam
729 791 779 824 ita‘
797 791 980 829 commode
1005 791 1104 824 vertit
1128 791 1275 831 Graeca,
1298 800 1337 823 ut

193 854 303 886 oratio
330 855 447 888 Latina
480 868 549 887 non
585 854 693 899 sapiat
716 853 843 886 alicubi
875 865 968 885 suam
1002 852 1178 894 originem.
1228 853 1336 885 Inter-

194 924 347 959 pretatur
377 916 547 949 interdum
583 917 728 949 Graecas
760 927 879 953 voces,
917 915 976 947 sed
1013 914 1076 954 ita,
1113 924 1151 947 ut
1180 914 1337 947 Latinum

193 989 368 1019 agnoscas:
394 978 499 1011 veluti
525 992 631 1023 quum
657 979 759 1011 docet
782 989 857 1016 nos,
883 976 964 1021 quid
991 985 1023 1008 et
1048 976 1155 1021 qualis
1179 978 1221 1009 sit
1247 976 1337 1009 Ada-

192 1050 356 1073 mantus.«
406 1040 465 1075 Sic
487 1054 522 1072 se
549 1040 649 1072 habet
673 1039 732 1072 ille
760 1039 875 1072 loeus:
890 1039 920 1083 ¹)
950 1039 1116 1072 »Adamas
1134 1051 1213 1071 vero
1232 1038 1337 1072 inter·

192 1111 347 1146 pretatur
378 1116 417 1135 ex
443 1102 573 1136 Graeca
603 1101 734 1143 lingua:
774 1100 1014 1140 indomabilis,
1046 1100 1256 1142 inflexibilis,
1286 1101 1337 1133 in-

192 1164 437 1205 comminutus‚
463 1173 555 1196 etc.«
609 1164 746 1196 Addere
780 1172 916 1207 poterat
948 1172 980 1195 et
1011 1162 1155 1195 alterum
1185 1175 1288 1207 supra
1317 1175 1336 1195 a

190 1227 290 1259 nohis
315 1228 546 1272 depromtum,
572 1239 639 1270 quo
667 1225 754 1258 ludit
778 1224 814 1257 in
839 1238 923 1257 voce
953 1225 1168 1264 ›zLucianus‚«
1189 1237 1335 1270 eumque

192 1301 209 1320 a
237 1289 368 1322 »luce«
404 1289 533 1322 dictum
566 1287 693 1321 scribit.
741 1287 882 1320 Erasmo
916 1286 1038 1320 assensi
1062 1295 1139 1319 sunt
1165 1287 1335 1319 Robertus

194 1350 305 1384 Cocus
336 1350 371 1383 in
397 1350 564 1390 Censura,
596 1359 628 1381 et
653 1349 900 1394 Edmundus2)
925 1347 1122 1381 Albertinus
1157 1348 1190 1381 in
1217 1349 1334 1394 Opere

193 1413 235 1445 de
253 1413 473 1446 Sacramento
499 1411 739 1445 Eucharistiae.
787 1412 856 1445 Sed
882 1410 956 1455 quis
981 1410 1087 1444 nescit
1109 1411 1336 1455 interpretum

193 1475 381 1516 audaciam,
406 1484 582 1508 auctorum
601 1473 814 1506 sermonibus
833 1487 891 1506 sua
907 1482 1101 1506 commenta
1117 1473 1335 1517 interponere

192 1538 402 1572 amantium?
449 1536 623 1569 Graecum·
650 1549 720 1568 esse
749 1535 951 1580 scriptorem
984 1535 1108 1579 probat
1142 1533 1336 1579 interpretis

193 1600 381 1643 Prologus,
412 1614 481 1645 quo
514 1599 639 1632 librum
671 1598 923 1643 hunc·aliquos
954 1607 1030 1631 ante
1061 1609 1096 1629 se
1120 1596 1238 1629 Latine
1263 1609 1335 1629 ver-

191 1662 271 1695 tisse
306 1663 419 1695 tradit.
477 1662 667 1703 Prologum
713 1673 732 1693 a
767 1659 912 1693 librariis
951 1657 1167 1703 suppositum
1206 1657 1335 1691 divinat

190 1724 359 1763 Erasmus,
385 1723 499 1763 nullis,
524 1723 578 1756 vel
604 1723 735 1755 levibus
752 1721 975 1764 argumentis3
999 1728 1208 1764 repugnante
1230 1719 1334 1752 etiam

191 1786 262 1819 stili
285 1786 459 1831 utriusque
479 1785 708 1827 congruentia.
741 1783 891 1816 Effrenis
907 1782 1078 1827 profecto,
1102 1782 1226 1814 iterum
1243 1781 1334 1822 dico,

192 1858 225 1881 et
259 1848 413 1893 projecta
448 1847 579 1879 Erasmi
620 1847 808 1887 temeritas,
847 1855 998 1878 veterum
1034 1843 1174 1877 Pau-um
1209 1843 1334 1888 scripta

193 1910 346 1942 inanibus
371 1909 438 1942 suis
464 1908 669 1954 conjecturis
694 1909 739 1940 ita
764 1906 1014 1952 permiscentis,
1044 1915 1083 1938 ut
1113 1905 1179 1938 nisi
1203 1914 1335 1938 contra-

190 1972 330 2005 ivissent
354 1970 583 2016 posteriorum
608 1970 850 2012 theologorum
876 1969 1005 2008 studia,
1040 1968 1092 2001 vix
1118 1976 1246 2000 certum
1272 1966 1334 2000 ali-

294 2065 323 2107 ')
350 2063 418 2096 Csr.
444 2060 502 2094 lib.
524 2061 569 2093 lI.
595 2073 668 2105 pag.
693 2060 770 2096 884.
803 2061 868 2092 col.
896 2060 925 2094 1.
958 2072 995 2091 ex
1023 2059 1074 2092 ed.
1099 2059 1140 2092 R.
1165 2077 1207 2082 —-
1243 2057 1332 2090 Edd.

194 2118 330 2152 Huetii:
360 2119 585 2152 »Adamantus
612 2118 851 2161 interpretatur
875 2116 909 2148 in
935 2115 1064 2148 Graeca
1089 2115 1211 2157 lingua,
1234 2113 1333 2146 indo-

196 2175 347 2215 mabilis,
373 2175 584 2215 inflexibilis,
610 2174 846 2213 inalterabilis,
873 2183 956 2206 ctu«

287 2233 321 2276 ²)
348 2231 780 2266 Cfr.Edmund.A1bertiu.
807 2231 839 2262 in
865 2230 1026 2262 Examine
1051 2228 1220 2261 testimon.
1237 2226 1331 2269 Orig.

195 2289 252 2322 lib.
280 2290 321 2322 ll.
356 2302 427 2333 cap.
454 2290 483 2324 1.
