1413 2482
214 96 282 132 27ss
491 97 533 130 Iu
558 99 719 130 Arm-oo.
745 95 879 130 Smer:
902 95 1080 131 PAmmuu

213 186 346 232 Spiritu
378 195 542 227 sanct0,«
577 187 811 220 testimonium
843 187 980 221 adducit
1012 199 1030 219 e
1064 199 1136 232 cap.
1160 185 1193 222 3.
1224 186 1304 220 libri
1328 186 1352 220 l.

212 251 298 296 περὶ
325 248 460 294 ἀρχῶν,
485 247 579 295 cujus
604 250 830 292 fragmentum
855 249 1025 284 Graecum
1047 247 1182 281 exhibet
1203 249 1354 294 Impera-

212 320 269 345 tor
292 297 570 345 Justinianus⁴ad
596 312 724 346 calcem
750 313 914 358 epistolae
932 313 975 346 ad
993 312 1142 352 Menam,
1167 311 1260 356 quod
1283 324 1352 345 non

211 387 334 419 parum
361 374 583 408 criminantur
607 375 679 420 ipse
704 375 924 417 Justinianus,
950 373 1149 407 Athanasius
1173 372 1209 406 in
1231 373 1352 407 Matth.

210 436 293 478 XII,
318 436 390 478 32.,
422 437 636 483 Theophilus
669 437 704 471 in
737 437 832 483 epist.
860 439 886 471 Ι.
919 436 1092 478 ΡειεεΙιειΙὶ,
1127 435 1354 484 Hieronymus

211 498 247 532 in
273 500 369 545 epist.
395 501 437 534 ad
463 499 613 542 Avitum,
639 509 673 534 et
689 499 832 534 Photius
855 499 1021 534 Biblioth.
1048 497 1168 534 cod.8.
1216 497 1268 532 En
1292 498 1355 532 tibi

210 562 357 607 ipsamet
381 564 500 597 verba:
528 562 617 599 »Ὅτι-
644 561 661 598 ὀ
688 564 759 608 μὲν
779 562 867 603 Θεὸς
891 566 952 598 καὶ
970 561 1097 611 Πατὴρ
1122 563 1287 608 συνέχων
1309 559 1353 596 πὶ

210 625 334 661 πάντα
359 626 500 673 φθάνει
526 628 575 665 εἰς
600 626 754 662 ἕκαστον
778 627 852 660 τῶν
877 621 1005 667 ὅντων,
1029 622 1251 670 μεταδιδοὺς
1264 622 1355 659 ἑκά-

212 698 286 733 στῳ
310 686 384 723 ἀπὸ
411 691 474 724 τοῦ
499 689 598 723 ἰδίου
627 688 667 724 τὸ
693 686 804 724 εἶναι·
826 684 889 723 ’ὢν
919 687 992 735 γάρ
1022 689 1130 723 ἐστιν.
1175 685 1356 723 'Emittam

212 750 253 785 δὲ
277 750 369 796 πρὸς
395 750 459 786 τὸν
483 754 630 799 Πατέρα
658 750 676 786 ὁ
710 750 796 790 Υἱὸς
828 749 989 797 φθάνων
1013 751 1075 786 ἐπὶ
1098 748 1198 796 μόνα
1222 749 1265 785 τὰ
1291 752 1357 785 λο-

212 811 316 858 γικά·
343 811 511 859 δεύτερος
534 812 606 860 γάρ
632 814 705 848 ἐστι
731 815 795 849 τοῦ
821 812 976 860 Πατρός.
1016 809 1096 848 Ἔτι
1120 813 1161 848 δὲ
1184 805 1293 857 ἧττον
1316 810 1356 847 ἰὁ

211 877 368 921 Πνεῦμα
393 873 434 911 τὸ
464 875 573 922 ἅγιον
606 876 668 911 ἐπὶ
700 874 840 922 μόνους
870 875 953 915 τοὺς
983 873 1110 921 ἁγίους
1143 873 1358 919 διϊκνούμε-

212 950 295 974 rou·
332 936 422 974 ὥστε
455 937 544 973 κατὰ
579 942 684 974 τοῦτο
719 941 852 983 μείζων
882 937 902 982 ἡ
936 936 1094 983 δύναμις
1125 939 1187 973 τοῦ
1212 935 1358 984 Πατρός

212 1000 313 1048 παρὰ
338 1000 404 1037 τὸν
435 1000 539 1046 Υἱόν,
566 1004 628 1036 καὶ
652 1000 692 1037 τὸ
719 1004 877 1048 Πνεῦμα
901 999 941 1036 τό
973 999 1099 1047 ἅγιον.
1147 1002 1292 1036 Πλείων
1316 1000 1355 1034 δὲ

210 1063 232 1109 ἡ
258 1066 323 1099 τοῦ
356 1065 446 1099 Υἱοῦ
471 1062 572 1110 παρὰ
599 1064 638 1100 τὸ
664 1065 822 1110 Πνεῦμα
846 1061 884 1098 τὸ
910 1061 1036 1109 ἅγιον·
1064 1065 1126 1098 καὶ
1143 1062 1256 1099 πάλιν
1273 1064 1357 1098 δια-

213 1129 379 1174 φέρουσα
403 1128 547 1172 μᾶλλον
570 1128 634 1161 τοῦ
661 1125 770 1172 ἁγίου
791 1124 1009 1172 Πνεὺματος
1029 1124 1050 1170 ἡ
1074 1124 1232 1172 δύναμις
1255 1125 1355 1172 παρὰ

211 1188 255 1224 τὰ
282 1186 372 1224 ἄλλα
398 1187 496 1235 ἅγια.
545 1189 658 1230 Haec,
690 1188 842 1234 quamvis
876 1188 1069 1222 duriuscula
1100 1188 1211 1234 prima
1243 1190 1357 1222 fronte

211 1251 402 1293 videantur,
426 1251 454 1285 si
479 1251 554 1297 quis
578 1261 692 1285 tamen
707 1252 750 1285 ad
767 1260 917 1285 mentem
933 1251 1047 1296 potius
1064 1250 1231 1295 Origenis,
1257 1264 1357 1298 quam

212 1316 255 1348 ad
280 1316 383 1349 verba
405 1314 600 1357 attenderit,
626 1328 744 1348 sanum
769 1314 937 1360 recipient
960 1327 1114 1355 sensum,
1139 1324 1173 1348 et
1197 1315 1238 1348 ab
1262 1314 1357 1360 ipso-

211 1387 283 1412 met
297 1377 426 1411 Huetio
442 1387 643 1412 excusantur
658 1377 893 1421 Origenianor.
908 1376 966 1411 lib.
981 1377 1025 1410 ΙΙ.
1042 1389 1114 1422 cap.
1128 1377 1160 1412 2.
1182 1386 1310 1423 quaest.
1324 1377 1356 1412 2.

211 1453 306 1474 num.
331 1440 386 1476 27.
413 1450 448 1474 ct
471 1439 526 1476 28,
575 1440 642 1473 lbi.
663 1440 753 1474 enim
789 1440 897 1484 agitur
935 1440 977 1473 de
1014 1439 1146 1473 ratione
1184 1439 1356 1486 principii,

211 1503 328 1545 fontis,
354 1511 387 1536 et
413 1501 561 1546 originis.
612 1503 682 1538 Sed
713 1517 751 1538 ea
775 1504 935 1544 Rufinus,
968 1502 1046 1548 quia
1078 1516 1137 1536 sua
1161 1512 1270 1537 aetate
1294 1502 1358 1536 mi-

214 1579 276 1599 nus
300 1565 492 1611 placebant,
518 1566 724 1611 quibusdam
750 1566 884 1608 additis,
910 1565 1112 1611 quibusdam
1135 1565 1285 1608 resectis,
1311 1565 1357 1599 ita

212 1638 246 1662 et
271 1628 306 1661 in
331 1628 392 1662 hac
417 1626 661 1673 Apologiaset
684 1628 720 1662 in
745 1628 834 1663 libro
860 1630 886 1664 I.
918 1632 1003 1674 περὶ
1029 1628 1153 1675 ἀρχῶν
1178 1628 1356 1662 emollivit.

214 1690 397 1724 »Arbitror
421 1689 527 1733 igitur
550 1690 786 1736 operationem
812 1692 950 1737 quidem
983 1704 1053 1725 esse
1083 1691 1194 1724 Patris
1219 1700 1252 1724 et
1275 1690 1357 1724 Filii

212 1762 281 1786 tam
305 1753 340 1785 in
373 1753 513 1796 sanctis,
547 1767 648 1798 quam
679 1754 713 1787 in
744 1754 1000 1800 peccatoribus3
1032 1753 1065 1786 in
1098 1753 1356 1787 rationabilibus

212 1815 427 1856 hominibus,
461 1825 494 1849 et
524 1815 559 1849 iu
589 1816 692 1850 mutis
723 1816 940 1859 animalibus3
971 1817 1030 1850 sed
1055 1816 1146 1850 etin
1171 1816 1239 1859 his,
1271 1829 1355 1862 quae

216 1878 367 1912 exanima
390 1887 479 1918 sunt,
505 1887 538 1911 et
562 1878 596 1911 in
623 1879 780 1912 omnibus
814 1879 974 1922 omnino,
1000 1892 1086 1926 quae
1110 1888 1203 1913 sunt:
1237 1891 1357 1924 opera-

213 1941 344 1974 tionem
369 1953 450 1972 vero
475 1940 623 1984 Spiritus
655 1941 761 1975 sancti
791 1955 1004 1988 nequaquam
1037 1955 1176 1988 prorsus
1206 1941 1356 1975 incidere

214 2003 270 2036 vel
294 2002 329 2036 in
354 2015 411 2045 ea,
436 2015 521 2047 quae
548 2003 699 2037 exanima
723 2014 819 2046 sunt,
851 2006 906 2038 vel
931 2005 965 2038 in
986 2018 1042 2046 ea,
1067 2017 1152 2051 quae
1176 2004 1357 2038 animantia

216 2065 374 2111 quidem,
404 2065 464 2098 sed
488 2074 581 2098 muta
606 2076 702 2100 sunt:
735 2068 794 2100 sed
818 2080 860 2100 ne
886 2067 919 2101 in
944 2068 1012 2101 illis
1039 2068 1176 2113 quidem
1200 2067 1356 2108 inveniri,

215 2129 274 2173 qui
298 2127 514 2162 rationabiles
539 2127 678 2173 quidem
703 2140 790 2170 sunt,
828 2131 902 2177 'sed
927 2130 961 2163 in
992 2130 1124 2164 malitia
1146 2129 1270 2175 positi,
1293 2142 1356 2162 nec

215 2189 356 2223 omnino
381 2190 423 2223 ad
447 2189 590 2224 meliora
616 2193 780 2227 conversi.
821 2194 859 2226 lu
884 2193 952 2226 illis
969 2203 1084 2227 autem
1105 2193 1186 2226 solis
1209 2192 1356 2225 arbitror

213 2265 284 2285 esse
311 2265 397 2297 opus
422 2252 568 2298 Spiritus
591 2255 714 2295 saneti,
748 2256 806 2301 qui
831 2255 897 2301 jam
923 2270 957 2289 se
982 2257 1024 2289 ad
1047 2256 1191 2289 meliora
1216 2266 1355 2288 conver-

210 2322 305 2355 tunt,
335 2324 368 2348 et
391 2328 453 2360 per
478 2315 544 2350 vias
567 2316 647 2350 Jesu
674 2317 799 2353 Christi
825 2317 1007 2360 incedunt,
1037 2318 1072 2353 id
1100 2326 1167 2359 est,
1199 2316 1257 2362 qui
1280 2324 1356 2350 sunt
