1413 2482
205 86 273 123 260
535 84 648 120 Pam
679 84 852 119 Dmxems
875 83 1008 118 Rue-ru

207 187 286 211 runt
317 176 351 209 hi
383 175 575 209 meminisse
614 176 725 222 aliqua
758 189 795 209 ex
826 184 920 221 parte
953 174 1126 208 laudatum
1159 185 1294 219 quoque
1326 185 1344 206 a

206 240 361 273 Domino
386 238 540 272 villicum
564 239 663 272 illum
687 237 891 283 iniquitatis,
917 251 994 270 cum
1018 236 1148 282 alioqui
1172 236 1263 270 idem
1288 249 1346 283 au-

211 312 286 337 ctor
310 302 352 336 de
376 301 445 342 his,
471 300 529 347 qui
552 301 633 334 haec
657 310 911 347 perpetrarent,
936 301 1003 334 alio
1031 299 1285 334 Commentario
1311 312 1346 333 se

207 374 426 399 tractaturum
450 364 656 410 spondeat.«
703 363 829 397 Utilius
854 363 1082 409 respondisset
1105 361 1288 403 Barouius,
1319 362 1348 394 si

209 428 346 462 dixisset
371 426 568 461 exsectionis
593 440 670 460 suae
695 427 879 469 Origenem
903 425 1123 472 poenituisse,
1148 435 1182 459 et
1204 439 1223 459 a
1246 424 1348 461 simili

209 491 360 525 facinore
392 490 544 536 reliquos
575 489 792 523 absterruisse
824 489 858 522 in
885 487 1146 523 Commentariis
1170 488 1212 522 ad
1238 487 1348 521 Evan-

208 554 335 597 gelium
365 553 540 587 Matthaei.
590 552 696 596 Quod
730 565 806 595 ergo
844 552 879 585 in
914 561 1149 596 argumentum
1179 560 1350 585 traxerunt

209 616 388 658 nonnulli,
420 625 458 650 ut
483 617 608 650 librum
640 616 682 649 de
707 615 945 658 singularitate
971 615 1186 650 clericorum
1211 613 1350 657 Origeni

211 680 460 720 adscriberent,
495 680 588 724 quod
612 691 735 724 nempe
762 680 988 714 voluntariam
1013 678 1209 722 genitalium
1233 690 1351 723 ampu-

210 744 373 778 tationem
397 755 465 777 non
491 742 714 783 damnaverit,
747 742 782 775 id
806 743 917 788 ipsum
942 742 1070 776 indicio
1100 741 1186 775 mihi
1212 750 1277 781 est,
1311 739 1353 773 li-

210 808 312 841 brum
336 819 406 840 non
433 819 502 840 esse
518 806 691 848 Origenisz
718 798 846 851 quippe
865 819 966 851 quem
990 804 1082 839 annis
1099 802 1351 849 provectiorem

209 869 372 904 facinoris
397 869 431 903 in
456 868 636 915 juventutis
655 869 768 902 calore
792 868 928 902 admissi
945 866 1163 913 poenituerit.
1201 865 1351 899 Bai-onio

213 946 251 967 ex
283 933 438 976 Origenis
476 932 605 965 familia
642 932 750 965 fetum
787 931 876 964 hunc
908 930 1095 976 depellenti
1127 928 1353 974 adstipulatur

213 996 383 1030 Codicum
416 995 597 1035 dissensio,
631 1008 777 1040 quorum
811 994 869 1027 alii
900 994 1131 1040 Hieronymo,
1163 991 1352 1035 Augustino

212 1059 286 1100 alii,
322 1058 478 1104 plerique
515 1057 687 1104 Cypriano
726 1057 900 1099 assignant.
954 1057 1113 1089 Erasmus
1148 1055 1190 1088 ad
1227 1053 1353 1088 calcem

212 1120 293 1154 libri
316 1119 496 1163 Augustini
520 1121 561 1153 de
585 1120 686 1154 Bono
711 1119 900 1153 viduitatis:
950 1132 968 1149 »
978 1119 1209 1164 Sequebatur,
1233 1115 1355 1162 inquit,

212 1184 279 1218 hoc
304 1184 384 1218 loco
408 1183 546 1217 libellus
573 1184 614 1216 de
640 1182 879 1226 singularitate
905 1181 1137 1221 Clericorum,
1172 1178 1231 1225 qui
1254 1178 1355 1213 toties

215 1257 249 1280 et
278 1247 501 1294 Hieronymi,
537 1256 570 1280 et
601 1245 762 1292 Cypriani
793 1244 934 1278 nomine
971 1257 1109 1277 excusus
1133 1251 1211 1284 est,
1250 1254 1355 1287 quum

212 1309 342 1355 phrasis
372 1323 434 1342 nec
460 1309 727 1356 Hieronymum,
761 1321 823 1342 nec
850 1307 1075 1354 Cyprianum‚
1107 1318 1171 1339 nec
1198 1303 1356 1348 Augusti-

213 1384 297 1405 num
319 1372 460 1405 reserat:
482 1371 628 1417 proinde
652 1384 721 1404 non
746 1380 796 1405 est
820 1370 929 1404 visum
954 1382 994 1402 eo
1011 1381 1168 1414 praesens
1193 1367 1356 1400 volumen

215 1447 388 1468 onerare.«
436 1435 665 1468 Bellarminus
692 1435 734 1467 de
764 1433 880 1479 script.
906 1432 1087 1466 ecclesiast.
1113 1431 1148 1465 in
1174 1430 1355 1477 Cypriane,

212 1510 325 1543 neque
351 1496 529 1540 Origenis,
559 1491 670 1544 neque
698 1496 879 1544 Cypriani,
915 1496 974 1530 sed
997 1495 1111 1529 Latini
1139 1504 1252 1528 tamen
1276 1493 1357 1528 scri-

214 1560 324 1605 ptoris
357 1573 428 1593 esse
454 1569 576 1594 censet.
625 1560 796 1610 Pamelius
822 1569 954 1600 autem,
990 1568 1024 1592 et
1047 1567 1127 1604 post
1151 1570 1228 1591 eum
1254 1556 1357 1591 Rive-

215 1631 287 1663 tus,
302 1622 333 1668 ¹)
360 1635 399 1656 ex
423 1621 642 1667 Hellenismis
668 1623 869 1669 quibusdam
893 1621 1055 1667 suspicati
1077 1629 1153 1654 sunt
1179 1633 1197 1653 e
1223 1619 1354 1653 Graeco

212 1685 334 1718 Latine
371 1699 440 1719 esse
478 1699 690 1722 conversum.
746 1685 892 1733 Subjieit
922 1683 1110 1725 Pamelius,
1150 1695 1286 1716 censere
1321 1695 1356 1715 se

215 1760 415 1781 conversum
449 1748 514 1782 hoc
547 1763 633 1795 opus
669 1749 736 1796 iam
766 1749 845 1782 inde
877 1749 918 1782 ab
951 1756 1058 1781 aetate
1093 1744 1272 1792 Cypriani,
1311 1745 1355 1778 ob

215 1810 384 1844 schemata
411 1820 443 1844 et
466 1812 602 1856 phrases
629 1812 699 1859 ejus
725 1812 852 1846 aetatis.
902 1811 1028 1845 Contra
1045 1808 1213 1843 Baronius
1240 1817 1355 1842 aucto-

215 1886 289 1907 rem
320 1886 390 1907 esse
423 1873 631 1919 Cyprianum
668 1874 799 1908 levibus
831 1886 909 1907 sane
939 1871 1126 1906 rationibus
1161 1871 1354 1905 contendit:

215 1949 326 1983 neque
351 1949 428 1970 eum
453 1946 568 1970 movet
595 1937 663 1970 stili
688 1936 874 1982 disparitas,
901 1936 994 1982 quod
1017 1948 1088 1969 non
1107 1936 1252 1969 eundem
1269 1946 1355 1969 sem-

216 2012 280 2045 per
303 1999 372 2033 stili
396 1994 549 2033 tenorem
576 1999 765 2047 Cyprianus
789 1998 983 2033 servaverit.

306 2063 344 2097 ln
368 2072 436 2096 tam
462 2063 621 2104 obscura,
652 2072 790 2108 tamque
823 2072 1039 2097 controversa
1063 2061 1260 2109 quaestione
1285 2075 1356 2096 cer*
1385 2087 1392 2093 ·

217 2137 291 2161 tum
314 2126 443 2173 aliquid
467 2134 613 2159 statuere
639 2125 781 2158 difficile
806 2134 865 2159 est.
901 2125 1061 2173 Cypriani
1084 2140 1154 2160 non
1171 2139 1241 2160 esse
1265 2126 1355 2159 istud

219 2203 322 2235 opus,
356 2190 501 2224 clamant
531 2189 693 2222 barbarae
719 2188 781 2222 liae
806 2187 925 2230 v'oces,
958 2189 1151 2236 cujusmodi
1180 2189 1290 2223 nullas
1320 2188 1355 2222 in

310 2317 341 2361 ¹)
367 2317 437 2350 cfr,
463 2314 575 2349 Rivet.
603 2315 721 2350 Critic.
748 2328 828 2349 sacr.
856 2316 928 2349 libr.
948 2316 992 2350 Π,
1021 2329 1093 2361 cap.
1121 2316 1172 2352 13.
1199 2325 1231 2349 et
1257 2314 1308 2351 15.
