<?xml version="1.0" encoding="UTF-8"?>
<!DOCTYPE html PUBLIC "-//W3C//DTD XHTML 1.0 Transitional//EN"
    "http://www.w3.org/TR/xhtml1/DTD/xhtml1-transitional.dtd">
<html xmlns="http://www.w3.org/1999/xhtml" xml:lang="en" lang="en">
 <head>
  <title>
</title>
<meta http-equiv="Content-Type" content="text/html;charset=utf-8" />
  <meta name='ocr-system' content='tesseract 3.04.00' />
  <meta name='ocr-capabilities' content='ocr_page ocr_carea ocr_par ocr_line ocrx_word'/>
</head>
<body>
  <div class='ocr_page' id='page_1' title='image "./operaomniaquaegr24orig/operaomniaquaegr24orig_0235.png"; bbox 0 0 1422 2472; ppageno 0'>
   <div class='ocr_carea' id='block_1_1' title="bbox 357 100 1190 137">
    <p class='ocr_par' dir='ltr' id='par_1_1' title="bbox 357 100 1190 137">
     <span class='ocr_line' id='line_1_1' title="bbox 357 100 1190 137; baseline 0.004 -3"><span class='ocrx_word' id='word_1_1' title='bbox 357 101 666 134; x_wconf 76' lang='lat' dir='ltr'><strong>ORIGENIANORUM</strong></span> <span class='ocrx_word' id='word_1_2' title='bbox 690 100 804 133; x_wconf 69' lang='lat' dir='ltr'><strong>Lmen</strong></span> <span class='ocrx_word' id='word_1_3' title='bbox 828 101 887 134; x_wconf 82' lang='grc' dir='ltr'>ΙΙΙ.</span> <span class='ocrx_word' id='word_1_4' title='bbox 1123 101 1190 137; x_wconf 86' lang='grc'><strong>223</strong></span> 
     </span>
    </p>
   </div>
   <div class='ocr_carea' id='block_1_2' title="bbox 60 188 1194 1962">
    <p class='ocr_par' dir='ltr' id='par_1_2' title="bbox 60 188 1194 1962">
     <span class='ocr_line' id='line_1_2' title="bbox 151 188 1190 235; baseline 0.002 -13"><span class='ocrx_word' id='word_1_5' title='bbox 151 191 207 223; x_wconf 87' lang='lat' dir='ltr'><strong>Vl.</strong></span> <span class='ocrx_word' id='word_1_6' title='bbox 245 190 293 222; x_wconf 84' lang='lat' dir='ltr'><strong>Ex</strong></span> <span class='ocrx_word' id='word_1_7' title='bbox 320 190 474 235; x_wconf 87' lang='lat' dir='ltr'><strong>epistolis</strong></span> <span class='ocrx_word' id='word_1_8' title='bbox 499 188 655 231; x_wconf 86' lang='lat' dir='ltr'><strong>Origenis</strong></span> <span class='ocrx_word' id='word_1_9' title='bbox 687 189 767 221; x_wconf 82' lang='lat' dir='ltr'><strong>duas</strong></span> <span class='ocrx_word' id='word_1_10' title='bbox 793 189 932 222; x_wconf 83' lang='lat' dir='ltr'><strong>omnino</strong></span> <span class='ocrx_word' id='word_1_11' title='bbox 964 190 1124 233; x_wconf 84' lang='lat' dir='ltr'><strong>integras,</strong></span> <span class='ocrx_word' id='word_1_12' title='bbox 1157 201 1190 224; x_wconf 87' lang='lat' dir='ltr'><strong>et</strong></span> 
     </span>
     <span class='ocr_line' id='line_1_3' title="bbox 60 250 1191 296; baseline 0.002 -12"><span class='ocrx_word' id='word_1_13' title='bbox 60 251 153 284; x_wconf 86' lang='lat' dir='ltr'><strong>nulla</strong></span> <span class='ocrx_word' id='word_1_14' title='bbox 175 251 225 284; x_wconf 88' lang='lat' dir='ltr'><strong>sui</strong></span> <span class='ocrx_word' id='word_1_15' title='bbox 249 253 408 296; x_wconf 81' lang='lat' dir='ltr'>portione</span> <span class='ocrx_word' id='word_1_16' title='bbox 432 260 620 291; x_wconf 82' lang='lat' dir='ltr'><strong>truncatas,</strong></span> <span class='ocrx_word' id='word_1_17' title='bbox 652 250 811 295; x_wconf 82' lang='lat' dir='ltr'><strong>quasdam</strong></span> <span class='ocrx_word' id='word_1_18' title='bbox 846 263 882 283; x_wconf 85' lang='lat' dir='ltr'><strong>ex</strong></span> <span class='ocrx_word' id='word_1_19' title='bbox 913 261 1007 296; x_wconf 89' lang='lat' dir='ltr'><strong>parte</strong></span> <span class='ocrx_word' id='word_1_20' title='bbox 1032 253 1191 286; x_wconf 81' lang='lat' dir='ltr'><strong>duntaxat</strong></span> 
     </span>
     <span class='ocr_line' id='line_1_4' title="bbox 60 312 1188 358; baseline 0.002 -12"><span class='ocrx_word' id='word_1_21' title='bbox 60 313 256 358; x_wconf 82' lang='lat' dir='ltr'><strong>superstites</strong></span> <span class='ocrx_word' id='word_1_22' title='bbox 279 313 449 347; x_wconf 88' lang='lat' dir='ltr'><strong>habemus.</strong></span> <span class='ocrx_word' id='word_1_23' title='bbox 499 313 629 354; x_wconf 83' lang='lat' dir='ltr'><strong>Integra</strong></span> <span class='ocrx_word' id='word_1_24' title='bbox 653 321 805 356; x_wconf 81' lang='lat' dir='ltr'><strong>superest</strong></span> <span class='ocrx_word' id='word_1_25' title='bbox 829 312 972 357; x_wconf 85' lang='lat' dir='ltr'><strong>epistola</strong></span> <span class='ocrx_word' id='word_1_26' title='bbox 997 315 1038 347; x_wconf 87' lang='lat' dir='ltr'><strong>ad</strong></span> <span class='ocrx_word' id='word_1_27' title='bbox 1061 315 1188 348; x_wconf 86' lang='lat' dir='ltr'><strong>Julium</strong></span> 
     </span>
     <span class='ocr_line' id='line_1_5' title="bbox 60 373 1191 420; baseline 0 -12"><span class='ocrx_word' id='word_1_28' title='bbox 60 375 274 415; x_wconf 72' lang='lat' dir='ltr'><strong>Africanum,</strong></span> <span class='ocrx_word' id='word_1_29' title='bbox 308 388 371 420; x_wconf 88' lang='lat' dir='ltr'><strong>qua</strong></span> <span class='ocrx_word' id='word_1_30' title='bbox 396 373 592 408; x_wconf 87' lang='lat' dir='ltr'><strong>doctissimo</strong></span> <span class='ocrx_word' id='word_1_31' title='bbox 618 373 669 407; x_wconf 90' lang='lat' dir='ltr'><strong>illi</strong></span> <span class='ocrx_word' id='word_1_32' title='bbox 694 373 786 415; x_wconf 82' lang='lat' dir='ltr'><strong>viro,</strong></span> <span class='ocrx_word' id='word_1_33' title='bbox 812 374 981 407; x_wconf 79' lang='lat' dir='ltr'><strong>susannae</strong></span> <span class='ocrx_word' id='word_1_34' title='bbox 1006 376 1191 416; x_wconf 80' lang='lat' dir='ltr'><strong>historiam,</strong></span> 
     </span>
     <span class='ocr_line' id='line_1_6' title="bbox 62 434 1192 482; baseline 0.001 -13"><span class='ocrx_word' id='word_1_35' title='bbox 62 449 146 481; x_wconf 87' lang='lat' dir='ltr'><strong>quae</strong></span> <span class='ocrx_word' id='word_1_36' title='bbox 181 437 214 469; x_wconf 88' lang='lat' dir='ltr'><strong>iu</strong></span> <span class='ocrx_word' id='word_1_37' title='bbox 249 437 402 470; x_wconf 82' lang='lat' dir='ltr'><strong>Danielis</strong></span> <span class='ocrx_word' id='word_1_38' title='bbox 440 437 528 469; x_wconf 88' lang='lat' dir='ltr'><strong>libro</strong></span> <span class='ocrx_word' id='word_1_39' title='bbox 567 434 705 477; x_wconf 86' lang='lat' dir='ltr'><strong>legitur,</strong></span> <span class='ocrx_word' id='word_1_40' title='bbox 741 435 964 468; x_wconf 84' lang='lat' dir='ltr'><strong>adulterinam</strong></span> <span class='ocrx_word' id='word_1_41' title='bbox 998 437 1192 482; x_wconf 86' lang='lat' dir='ltr'><strong>suspicanti,</strong></span> 
     </span>
     <span class='ocr_line' id='line_1_7' title="bbox 60 496 1191 544; baseline 0.001 -13"><span class='ocrx_word' id='word_1_42' title='bbox 60 498 232 543; x_wconf 85' lang='lat' dir='ltr'><strong>ipsiusque</strong></span> <span class='ocrx_word' id='word_1_43' title='bbox 263 512 326 543; x_wconf 87' lang='lat' dir='ltr'><strong>per</strong></span> <span class='ocrx_word' id='word_1_44' title='bbox 357 498 538 544; x_wconf 89' lang='lat' dir='ltr'><strong>epistolam</strong></span> <span class='ocrx_word' id='word_1_45' title='bbox 571 496 702 539; x_wconf 81' lang='lat' dir='ltr'><strong>roganti</strong></span> <span class='ocrx_word' id='word_1_46' title='bbox 736 498 934 530; x_wconf 86' lang='lat' dir='ltr'><strong>sententiam</strong></span> <span class='ocrx_word' id='word_1_47' title='bbox 972 499 1102 532; x_wconf 85' lang='lat' dir='ltr'><strong>erudite</strong></span> <span class='ocrx_word' id='word_1_48' title='bbox 1139 513 1191 532; x_wconf 88' lang='lat' dir='ltr'><strong>re-</strong></span> 
     </span>
     <span class='ocr_line' id='line_1_8' title="bbox 61 557 1190 604; baseline 0.002 -12"><span class='ocrx_word' id='word_1_49' title='bbox 61 559 215 604; x_wconf 80' lang='lat' dir='ltr'><strong>spondit,</strong></span> <span class='ocrx_word' id='word_1_50' title='bbox 254 572 414 604; x_wconf 83' lang='lat' dir='ltr'><strong>suamque</strong></span> <span class='ocrx_word' id='word_1_51' title='bbox 447 558 630 591; x_wconf 80' lang='lat' dir='ltr'><strong>narrationi</strong></span> <span class='ocrx_word' id='word_1_52' title='bbox 665 557 742 590; x_wconf 85' lang='lat' dir='ltr'><strong>huic</strong></span> <span class='ocrx_word' id='word_1_53' title='bbox 774 561 1008 592; x_wconf 85' lang='lat' dir='ltr'><strong>auctoritatem</strong></span> <span class='ocrx_word' id='word_1_54' title='bbox 1040 561 1190 595; x_wconf 85' lang='lat' dir='ltr'><strong>asseruit.</strong></span> 
     </span>
     <span class='ocr_line' id='line_1_9' title="bbox 60 620 1192 665; baseline 0.002 -11"><span class='ocrx_word' id='word_1_55' title='bbox 60 621 212 654; x_wconf 83' lang='lat' dir='ltr'><strong>Plurima</strong></span> <span class='ocrx_word' id='word_1_56' title='bbox 241 621 417 665; x_wconf 88' lang='lat' dir='ltr'><strong>utriusque</strong></span> <span class='ocrx_word' id='word_1_57' title='bbox 449 620 732 654; x_wconf 78' lang='lat' dir='ltr'><strong>circumferuntur</strong></span> <span class='ocrx_word' id='word_1_58' title='bbox 764 620 893 653; x_wconf 86' lang='lat' dir='ltr'><strong>Graeca</strong></span> <span class='ocrx_word' id='word_1_59' title='bbox 930 635 1031 654; x_wconf 88' lang='lat' dir='ltr'><strong>manu</strong></span> <span class='ocrx_word' id='word_1_60' title='bbox 1062 632 1192 656; x_wconf 84' lang='lat' dir='ltr'><strong>exarata</strong></span> 
     </span>
     <span class='ocr_line' id='line_1_10' title="bbox 62 680 1194 728; baseline 0.001 -12"><span class='ocrx_word' id='word_1_61' title='bbox 62 683 281 728; x_wconf 82' lang='lat' dir='ltr'><strong>exemplaria;</strong></span> <span class='ocrx_word' id='word_1_62' title='bbox 312 696 457 727; x_wconf 88' lang='lat' dir='ltr'><strong>quorum</strong></span> <span class='ocrx_word' id='word_1_63' title='bbox 480 695 586 715; x_wconf 88' lang='lat' dir='ltr'><strong>unum</strong></span> <span class='ocrx_word' id='word_1_64' title='bbox 610 694 629 713; x_wconf 86' lang='lat' dir='ltr'><strong>a</strong></span> <span class='ocrx_word' id='word_1_65' title='bbox 654 693 689 713; x_wconf 88' lang='lat' dir='ltr'><strong>se</strong></span> <span class='ocrx_word' id='word_1_66' title='bbox 715 680 921 726; x_wconf 84' lang='lat' dir='ltr'><strong>descriptum</strong></span> <span class='ocrx_word' id='word_1_67' title='bbox 944 684 986 716; x_wconf 88' lang='lat' dir='ltr'><strong>ad</strong></span> <span class='ocrx_word' id='word_1_68' title='bbox 1011 696 1065 716; x_wconf 88' lang='lat' dir='ltr'><strong>me</strong></span> <span class='ocrx_word' id='word_1_69' title='bbox 1088 693 1194 717; x_wconf 88' lang='lat' dir='ltr'><strong>trans-</strong></span> 
     </span>
     <span class='ocr_line' id='line_1_11' title="bbox 61 741 1190 791; baseline 0.003 -15"><span class='ocrx_word' id='word_1_70' title='bbox 61 744 151 777; x_wconf 85' lang='lat' dir='ltr'><strong>misit</strong></span> <span class='ocrx_word' id='word_1_71' title='bbox 179 743 355 777; x_wconf 86' lang='lat' dir='ltr'><strong>Emericus</strong></span> <span class='ocrx_word' id='word_1_72' title='bbox 386 743 557 786; x_wconf 83' lang='lat' dir='ltr'><strong>Bigotius,</strong></span> <span class='ocrx_word' id='word_1_73' title='bbox 589 741 747 784; x_wconf 85' lang='lat' dir='ltr'><strong>singulari</strong></span> <span class='ocrx_word' id='word_1_74' title='bbox 780 743 831 775; x_wconf 90' lang='lat' dir='ltr'><strong>vir</strong></span> <span class='ocrx_word' id='word_1_75' title='bbox 863 745 1072 779; x_wconf 84' lang='lat' dir='ltr'><strong>eruditione:</strong></span> <span class='ocrx_word' id='word_1_76' title='bbox 1109 747 1190 791; x_wconf 86' lang='lat' dir='ltr'><strong>et¹)</strong></span> 
     </span>
     <span class='ocr_line' id='line_1_12' title="bbox 60 803 1193 852; baseline 0.002 -14"><span class='ocrx_word' id='word_1_77' title='bbox 60 818 122 838; x_wconf 90' lang='lat' dir='ltr'><strong>nos</strong></span> <span class='ocrx_word' id='word_1_78' title='bbox 145 805 349 851; x_wconf 69' lang='lat' dir='ltr'><strong>aliquando,</strong></span> <span class='ocrx_word' id='word_1_79' title='bbox 370 818 445 838; x_wconf 88' lang='lat' dir='ltr'><strong>cum</strong></span> <span class='ocrx_word' id='word_1_80' title='bbox 470 805 566 846; x_wconf 86' lang='lat' dir='ltr'><strong>Deo,</strong></span> <span class='ocrx_word' id='word_1_81' title='bbox 592 804 704 836; x_wconf 86' lang='lat' dir='ltr'><strong>ambas</strong></span> <span class='ocrx_word' id='word_1_82' title='bbox 728 803 817 837; x_wconf 90' lang='lat' dir='ltr'><strong>inter</strong></span> <span class='ocrx_word' id='word_1_83' title='bbox 840 806 1054 852; x_wconf 80' lang='lat' dir='ltr'><strong>Syntagmata</strong></span> <span class='ocrx_word' id='word_1_84' title='bbox 1079 807 1193 850; x_wconf 86' lang='lat' dir='ltr'><strong>vulga-</strong></span> 
     </span>
     <span class='ocr_line' id='line_1_13' title="bbox 60 864 1190 911; baseline 0 -11"><span class='ocrx_word' id='word_1_85' title='bbox 60 867 181 902; x_wconf 87' lang='lat' dir='ltr'><strong>bimus.</strong></span> <span class='ocrx_word' id='word_1_86' title='bbox 217 869 348 910; x_wconf 82' lang='lat' dir='ltr'><strong>Integra</strong></span> <span class='ocrx_word' id='word_1_87' title='bbox 373 879 508 911; x_wconf 89' lang='lat' dir='ltr'><strong>quoque</strong></span> <span class='ocrx_word' id='word_1_88' title='bbox 533 875 580 898; x_wconf 85' lang='lat' dir='ltr'><strong>est</strong></span> <span class='ocrx_word' id='word_1_89' title='bbox 606 864 761 909; x_wconf 76' lang='lat' dir='ltr'><strong>epistola,</strong></span> <span class='ocrx_word' id='word_1_90' title='bbox 787 879 850 911; x_wconf 92' lang='lat' dir='ltr'><strong>qua</strong></span> <span class='ocrx_word' id='word_1_91' title='bbox 876 878 1006 901; x_wconf 82' lang='lat' dir='ltr'><strong>constat</strong></span> <span class='ocrx_word' id='word_1_92' title='bbox 1023 869 1190 902; x_wconf 89' lang='lat' dir='ltr'><strong>decimum</strong></span> 
     </span>
     <span class='ocr_line' id='line_1_14' title="bbox 61 927 1192 972; baseline 0.001 -10"><span class='ocrx_word' id='word_1_93' title='bbox 61 929 198 962; x_wconf 86' lang='lat' dir='ltr'><strong>tertium</strong></span> <span class='ocrx_word' id='word_1_94' title='bbox 229 927 435 961; x_wconf 90' lang='lat' dir='ltr'><strong>Philocaliae</strong></span> <span class='ocrx_word' id='word_1_95' title='bbox 473 936 588 972; x_wconf 72' lang='lat' dir='ltr'><strong>caput,</strong></span> <span class='ocrx_word' id='word_1_96' title='bbox 625 939 756 971; x_wconf 86' lang='lat' dir='ltr'><strong>quaque</strong></span> <span class='ocrx_word' id='word_1_97' title='bbox 790 928 992 971; x_wconf 87' lang='lat' dir='ltr'><strong>Gregorium</strong></span> <span class='ocrx_word' id='word_1_98' title='bbox 1026 930 1192 963; x_wconf 85' lang='lat' dir='ltr'><strong>Thauma-</strong></span> 
     </span>
     <span class='ocr_line' id='line_1_15' title="bbox 60 989 1193 1033; baseline 0.001 -10"><span class='ocrx_word' id='word_1_99' title='bbox 60 1000 194 1033; x_wconf 80' lang='lat' dir='ltr'><strong>turgum</strong></span> <span class='ocrx_word' id='word_1_100' title='bbox 224 991 267 1023; x_wconf 87' lang='lat' dir='ltr'><strong>ad</strong></span> <span class='ocrx_word' id='word_1_101' title='bbox 297 1002 466 1022; x_wconf 85' lang='lat' dir='ltr'><strong>sacrarum</strong></span> <span class='ocrx_word' id='word_1_102' title='bbox 495 989 669 1021; x_wconf 84' lang='lat' dir='ltr'><strong>literarum</strong></span> <span class='ocrx_word' id='word_1_103' title='bbox 701 989 851 1022; x_wconf 88' lang='lat' dir='ltr'><strong>studium</strong></span> <span class='ocrx_word' id='word_1_104' title='bbox 878 991 1038 1033; x_wconf 84' lang='lat' dir='ltr'><strong>Origenes</strong></span> <span class='ocrx_word' id='word_1_105' title='bbox 1071 993 1193 1024; x_wconf 88' lang='lat' dir='ltr'><strong>adhor-</strong></span> 
     </span>
     <span class='ocr_line' id='line_1_16' title="bbox 61 1050 1192 1087; baseline 0.002 -2"><span class='ocrx_word' id='word_1_106' title='bbox 61 1062 159 1085; x_wconf 84' lang='lat' dir='ltr'><strong>tatur.</strong></span> <span class='ocrx_word' id='word_1_107' title='bbox 206 1051 347 1084; x_wconf 83' lang='lat' dir='ltr'><strong>Rufinus</strong></span> <span class='ocrx_word' id='word_1_108' title='bbox 370 1051 404 1083; x_wconf 92' lang='lat' dir='ltr'><strong>in</strong></span> <span class='ocrx_word' id='word_1_109' title='bbox 428 1051 547 1083; x_wconf 87' lang='lat' dir='ltr'><strong>libello</strong></span> <span class='ocrx_word' id='word_1_110' title='bbox 573 1051 615 1083; x_wconf 90' lang='lat' dir='ltr'><strong>de</strong></span> <span class='ocrx_word' id='word_1_111' title='bbox 640 1050 898 1085; x_wconf 86' lang='lat' dir='ltr'><strong>Adulteratione</strong></span> <span class='ocrx_word' id='word_1_112' title='bbox 923 1053 1089 1086; x_wconf 87' lang='lat' dir='ltr'><strong>librorum</strong></span> <span class='ocrx_word' id='word_1_113' title='bbox 1114 1054 1192 1087; x_wconf 88' lang='lat' dir='ltr'><strong>Ori·</strong></span> 
     </span>
     <span class='ocr_line' id='line_1_17' title="bbox 63 1110 1192 1159; baseline 0.001 -13"><span class='ocrx_word' id='word_1_114' title='bbox 63 1113 172 1156; x_wconf 89' lang='lat' dir='ltr'><strong>genis,</strong></span> <span class='ocrx_word' id='word_1_115' title='bbox 200 1112 320 1145; x_wconf 80' lang='lat' dir='ltr'><strong>recitat</strong></span> <span class='ocrx_word' id='word_1_116' title='bbox 343 1121 474 1157; x_wconf 87' lang='lat' dir='ltr'><strong>partem</strong></span> <span class='ocrx_word' id='word_1_117' title='bbox 499 1110 682 1155; x_wconf 85' lang='lat' dir='ltr'><strong>epistolae,</strong></span> <span class='ocrx_word' id='word_1_118' title='bbox 713 1125 811 1156; x_wconf 86' lang='lat' dir='ltr'><strong>quam</strong></span> <span class='ocrx_word' id='word_1_119' title='bbox 836 1114 943 1158; x_wconf 87' lang='lat' dir='ltr'><strong>patria</strong></span> <span class='ocrx_word' id='word_1_120' title='bbox 967 1115 1126 1159; x_wconf 88' lang='lat' dir='ltr'><strong>depulsus</strong></span> <span class='ocrx_word' id='word_1_121' title='bbox 1151 1115 1192 1147; x_wconf 86' lang='lat' dir='ltr'><strong>ad</strong></span> 
     </span>
     <span class='ocr_line' id='line_1_18' title="bbox 63 1172 1191 1221; baseline 0.001 -13"><span class='ocrx_word' id='word_1_122' title='bbox 63 1175 189 1208; x_wconf 86' lang='lat' dir='ltr'><strong>amicos</strong></span> <span class='ocrx_word' id='word_1_123' title='bbox 219 1174 463 1207; x_wconf 84' lang='lat' dir='ltr'><strong>Alexandrinos</strong></span> <span class='ocrx_word' id='word_1_124' title='bbox 496 1172 712 1205; x_wconf 86' lang='lat' dir='ltr'><strong>Adamantius</strong></span> <span class='ocrx_word' id='word_1_125' title='bbox 748 1175 896 1219; x_wconf 84' lang='lat' dir='ltr'><strong>scripsit,</strong></span> <span class='ocrx_word' id='word_1_126' title='bbox 932 1175 966 1208; x_wconf 92' lang='lat' dir='ltr'><strong>in</strong></span> <span class='ocrx_word' id='word_1_127' title='bbox 1004 1190 1068 1221; x_wconf 84' lang='lat' dir='ltr'><strong>qua</strong></span> <span class='ocrx_word' id='word_1_128' title='bbox 1103 1177 1191 1209; x_wconf 82' lang='lat' dir='ltr'><strong>falso</strong></span> 
     </span>
     <span class='ocr_line' id='line_1_19' title="bbox 63 1234 1191 1283; baseline 0.001 -13"><span class='ocrx_word' id='word_1_129' title='bbox 63 1237 186 1283; x_wconf 79' lang='lat' dir='ltr'><strong>jactare</strong></span> <span class='ocrx_word' id='word_1_130' title='bbox 210 1235 416 1269; x_wconf 85' lang='lat' dir='ltr'><strong>adversarios</strong></span> <span class='ocrx_word' id='word_1_131' title='bbox 440 1234 600 1280; x_wconf 85' lang='lat' dir='ltr'><strong>queritur,</strong></span> <span class='ocrx_word' id='word_1_132' title='bbox 624 1247 820 1278; x_wconf 89' lang='lat' dir='ltr'><strong>persuasum</strong></span> <span class='ocrx_word' id='word_1_133' title='bbox 848 1250 917 1270; x_wconf 87' lang='lat' dir='ltr'><strong>esse</strong></span> <span class='ocrx_word' id='word_1_134' title='bbox 942 1238 1016 1277; x_wconf 85' lang='lat' dir='ltr'><strong>sibi,</strong></span> <span class='ocrx_word' id='word_1_135' title='bbox 1039 1239 1191 1271; x_wconf 81' lang='lat' dir='ltr'><strong>futurum</strong></span> 
     </span>
     <span class='ocr_line' id='line_1_20' title="bbox 62 1296 1193 1342; baseline 0.001 -10"><span class='ocrx_word' id='word_1_136' title='bbox 62 1309 100 1332; x_wconf 90' lang='lat' dir='ltr'><strong>ut</strong></span> <span class='ocrx_word' id='word_1_137' title='bbox 123 1299 266 1332; x_wconf 89' lang='lat' dir='ltr'><strong>salutem</strong></span> <span class='ocrx_word' id='word_1_138' title='bbox 291 1297 444 1330; x_wconf 85' lang='lat' dir='ltr'><strong>diabolus</strong></span> <span class='ocrx_word' id='word_1_139' title='bbox 469 1296 650 1340; x_wconf 88' lang='lat' dir='ltr'><strong>aliquando</strong></span> <span class='ocrx_word' id='word_1_140' title='bbox 677 1308 918 1342; x_wconf 80' lang='lat' dir='ltr'><strong>consequatur3</strong></span> <span class='ocrx_word' id='word_1_141' title='bbox 950 1300 1043 1332; x_wconf 83' lang='lat' dir='ltr'><strong>addit</strong></span> <span class='ocrx_word' id='word_1_142' title='bbox 1066 1301 1193 1333; x_wconf 85' lang='lat' dir='ltr'><strong>Haere-</strong></span> 
     </span>
     <span class='ocr_line' id='line_1_21' title="bbox 63 1357 1193 1404; baseline 0.002 -11"><span class='ocrx_word' id='word_1_143' title='bbox 63 1362 167 1393; x_wconf 87' lang='lat' dir='ltr'><strong>ticum</strong></span> <span class='ocrx_word' id='word_1_144' title='bbox 192 1360 359 1404; x_wconf 89' lang='lat' dir='ltr'><strong>quendam</strong></span> <span class='ocrx_word' id='word_1_145' title='bbox 394 1357 632 1402; x_wconf 81' lang='lat' dir='ltr'><strong>disputationis</strong></span> <span class='ocrx_word' id='word_1_146' title='bbox 655 1371 768 1391; x_wconf 88' lang='lat' dir='ltr'><strong>secum</strong></span> <span class='ocrx_word' id='word_1_147' title='bbox 799 1360 930 1393; x_wconf 85' lang='lat' dir='ltr'><strong>habitae</strong></span> <span class='ocrx_word' id='word_1_148' title='bbox 956 1362 1039 1394; x_wconf 87' lang='lat' dir='ltr'><strong>Acta</strong></span> <span class='ocrx_word' id='word_1_149' title='bbox 1063 1363 1193 1395; x_wconf 87' lang='lat' dir='ltr'><strong>adulte-</strong></span> 
     </span>
     <span class='ocr_line' id='line_1_22' title="bbox 62 1419 1194 1469; baseline 0.002 -14"><span class='ocrx_word' id='word_1_150' title='bbox 62 1435 169 1464; x_wconf 88' lang='lat' dir='ltr'><strong>rasse;</strong></span> <span class='ocrx_word' id='word_1_151' title='bbox 199 1431 232 1454; x_wconf 88' lang='lat' dir='ltr'><strong>et</strong></span> <span class='ocrx_word' id='word_1_152' title='bbox 261 1434 296 1453; x_wconf 90' lang='lat' dir='ltr'><strong>se</strong></span> <span class='ocrx_word' id='word_1_153' title='bbox 321 1422 484 1453; x_wconf 86' lang='lat' dir='ltr'><strong>Actorum</strong></span> <span class='ocrx_word' id='word_1_154' title='bbox 514 1419 641 1451; x_wconf 84' lang='lat' dir='ltr'><strong>misisse</strong></span> <span class='ocrx_word' id='word_1_155' title='bbox 676 1420 858 1461; x_wconf 87' lang='lat' dir='ltr'><strong>Codicem,</strong></span> <span class='ocrx_word' id='word_1_156' title='bbox 891 1424 980 1455; x_wconf 89' lang='lat' dir='ltr'><strong>unde</strong></span> <span class='ocrx_word' id='word_1_157' title='bbox 1012 1433 1194 1469; x_wconf 84' lang='lat' dir='ltr'><strong>corruptor</strong></span> 
     </span>
     <span class='ocr_line' id='line_1_23' title="bbox 63 1480 1193 1530; baseline 0.001 -13"><span class='ocrx_word' id='word_1_158' title='bbox 63 1483 215 1518; x_wconf 84' lang='lat' dir='ltr'><strong>falsitatis</strong></span> <span class='ocrx_word' id='word_1_159' title='bbox 237 1490 449 1525; x_wconf 80' lang='lat' dir='ltr'><strong>argueretur3</strong></span> <span class='ocrx_word' id='word_1_160' title='bbox 473 1481 576 1514; x_wconf 78' lang='lat' dir='ltr'><strong>alium</strong></span> <span class='ocrx_word' id='word_1_161' title='bbox 600 1480 681 1514; x_wconf 86' lang='lat' dir='ltr'><strong>item</strong></span> <span class='ocrx_word' id='word_1_162' title='bbox 700 1482 925 1524; x_wconf 83' lang='lat' dir='ltr'><strong>Haereticum,</strong></span> <span class='ocrx_word' id='word_1_163' title='bbox 952 1486 1008 1530; x_wconf 89' lang='lat' dir='ltr'><strong>qui</strong></span> <span class='ocrx_word' id='word_1_164' title='bbox 1034 1486 1193 1528; x_wconf 86' lang='lat' dir='ltr'><strong>congredi</strong></span> 
     </span>
     <span class='ocr_line' id='line_1_24' title="bbox 63 1543 1193 1588; baseline 0.003 -9"><span class='ocrx_word' id='word_1_165' title='bbox 63 1559 175 1579; x_wconf 89' lang='lat' dir='ltr'><strong>secum</strong></span> <span class='ocrx_word' id='word_1_166' title='bbox 202 1546 460 1583; x_wconf 75' lang='lat' dir='ltr'><strong>detrectaverat,</strong></span> <span class='ocrx_word' id='word_1_167' title='bbox 483 1543 600 1575; x_wconf 80' lang='lat' dir='ltr'><strong>salsam</strong></span> <span class='ocrx_word' id='word_1_168' title='bbox 626 1543 878 1588; x_wconf 85' lang='lat' dir='ltr'><strong>disceptationis</strong></span> <span class='ocrx_word' id='word_1_169' title='bbox 903 1546 1075 1580; x_wconf 82' lang='lat' dir='ltr'><strong>historiam</strong></span> <span class='ocrx_word' id='word_1_170' title='bbox 1100 1562 1193 1581; x_wconf 83' lang='lat' dir='ltr'><strong>man-</strong></span> 
     </span>
     <span class='ocr_line' id='line_1_25' title="bbox 64 1604 1193 1650; baseline 0.002 -9"><span class='ocrx_word' id='word_1_171' title='bbox 64 1609 157 1641; x_wconf 87' lang='lat' dir='ltr'><strong>dasse</strong></span> <span class='ocrx_word' id='word_1_172' title='bbox 180 1607 302 1646; x_wconf 87' lang='lat' dir='ltr'><strong>literis,</strong></span> <span class='ocrx_word' id='word_1_173' title='bbox 332 1615 365 1638; x_wconf 86' lang='lat' dir='ltr'><strong>et</strong></span> <span class='ocrx_word' id='word_1_174' title='bbox 388 1604 510 1650; x_wconf 85' lang='lat' dir='ltr'><strong>passim</strong></span> <span class='ocrx_word' id='word_1_175' title='bbox 535 1604 701 1646; x_wconf 86' lang='lat' dir='ltr'><strong>vulgasse,</strong></span> <span class='ocrx_word' id='word_1_176' title='bbox 732 1607 791 1638; x_wconf 88' lang='lat' dir='ltr'><strong>sed</strong></span> <span class='ocrx_word' id='word_1_177' title='bbox 816 1606 967 1640; x_wconf 84' lang='lat' dir='ltr'><strong>vanitatis</strong></span> <span class='ocrx_word' id='word_1_178' title='bbox 1000 1610 1133 1642; x_wconf 86' lang='lat' dir='ltr'><strong>tandem</strong></span> <span class='ocrx_word' id='word_1_179' title='bbox 1160 1619 1193 1643; x_wconf 87' lang='lat' dir='ltr'><strong>et</strong></span> 
     </span>
     <span class='ocr_line' id='line_1_26' title="bbox 62 1666 1190 1715; baseline 0.002 -13"><span class='ocrx_word' id='word_1_180' title='bbox 62 1669 291 1715; x_wconf 84' lang='lat' dir='ltr'><strong>impudentiae</strong></span> <span class='ocrx_word' id='word_1_181' title='bbox 323 1667 424 1700; x_wconf 89' lang='lat' dir='ltr'><strong>fuisse</strong></span> <span class='ocrx_word' id='word_1_182' title='bbox 461 1679 478 1698; x_wconf 88' lang='lat' dir='ltr'><strong>a</strong></span> <span class='ocrx_word' id='word_1_183' title='bbox 516 1679 549 1698; x_wconf 88' lang='lat' dir='ltr'><strong>se</strong></span> <span class='ocrx_word' id='word_1_184' title='bbox 586 1666 786 1699; x_wconf 82' lang='lat' dir='ltr'><strong>convictum.</strong></span> <span class='ocrx_word' id='word_1_185' title='bbox 845 1668 1075 1715; x_wconf 86' lang='lat' dir='ltr'><strong>Hieronymus</strong></span> <span class='ocrx_word' id='word_1_186' title='bbox 1111 1685 1190 1704; x_wconf 79' lang='lat' dir='ltr'><strong>vero</strong></span> 
     </span>
     <span class='ocr_line' id='line_1_27' title="bbox 67 1728 1191 1778; baseline -0.004 -14"><span class='ocrx_word' id='word_1_187' title='bbox 67 1732 139 1764; x_wconf 85' lang='lat' dir='ltr'><strong>libr.</strong></span> <span class='ocrx_word' id='word_1_188' title='bbox 160 1732 201 1763; x_wconf 89' lang='lat' dir='ltr'><strong>ll.</strong></span> <span class='ocrx_word' id='word_1_189' title='bbox 231 1729 377 1774; x_wconf 85' lang='lat' dir='ltr'><strong>Apolog.</strong></span> <span class='ocrx_word' id='word_1_190' title='bbox 411 1729 537 1761; x_wconf 81' lang='lat' dir='ltr'><strong>advers.</strong></span> <span class='ocrx_word' id='word_1_191' title='bbox 566 1728 677 1761; x_wconf 87' lang='lat' dir='ltr'><strong>Rufin.</strong></span> <span class='ocrx_word' id='word_1_192' title='bbox 710 1742 779 1773; x_wconf 86' lang='lat' dir='ltr'><strong>cap.</strong></span> <span class='ocrx_word' id='word_1_193' title='bbox 806 1730 836 1764; x_wconf 84' lang='lat'><strong>5.</strong></span> <span class='ocrx_word' id='word_1_194' title='bbox 868 1731 950 1764; x_wconf 85' lang='lat' dir='ltr'><strong>hanc</strong></span> <span class='ocrx_word' id='word_1_195' title='bbox 982 1731 1087 1777; x_wconf 87' lang='lat' dir='ltr'><strong>ipsam</strong></span> <span class='ocrx_word' id='word_1_196' title='bbox 1119 1734 1191 1778; x_wconf 83' lang='lat' dir='ltr'><strong>epi-</strong></span> 
     </span>
     <span class='ocr_line' id='line_1_28' title="bbox 65 1790 1192 1837; baseline 0.003 -12"><span class='ocrx_word' id='word_1_197' title='bbox 65 1793 185 1826; x_wconf 88' lang='lat' dir='ltr'><strong>stolam</strong></span> <span class='ocrx_word' id='word_1_198' title='bbox 208 1805 325 1837; x_wconf 85' lang='lat' dir='ltr'><strong>parum</strong></span> <span class='ocrx_word' id='word_1_199' title='bbox 350 1791 499 1824; x_wconf 81' lang='lat' dir='ltr'><strong>fideliter</strong></span> <span class='ocrx_word' id='word_1_200' title='bbox 523 1790 677 1822; x_wconf 79' lang='lat' dir='ltr'><strong>aRufino</strong></span> <span class='ocrx_word' id='word_1_201' title='bbox 704 1804 897 1824; x_wconf 81' lang='lat' dir='ltr'><strong>conversam</strong></span> <span class='ocrx_word' id='word_1_202' title='bbox 923 1803 1100 1835; x_wconf 89' lang='lat' dir='ltr'><strong>caussatur,</strong></span> <span class='ocrx_word' id='word_1_203' title='bbox 1126 1795 1192 1828; x_wconf 84' lang='lat' dir='ltr'><strong>dis-</strong></span> 
     </span>
     <span class='ocr_line' id='line_1_29' title="bbox 65 1852 1192 1898; baseline 0.004 -12"><span class='ocrx_word' id='word_1_204' title='bbox 65 1854 235 1886; x_wconf 86' lang='lat' dir='ltr'><strong>simulasse</strong></span> <span class='ocrx_word' id='word_1_205' title='bbox 266 1853 394 1898; x_wconf 87' lang='lat' dir='ltr'><strong>quippe</strong></span> <span class='ocrx_word' id='word_1_206' title='bbox 426 1853 535 1897; x_wconf 86' lang='lat' dir='ltr'><strong>ipsum</strong></span> <span class='ocrx_word' id='word_1_207' title='bbox 573 1854 613 1884; x_wconf 84' lang='lat' dir='ltr'><strong>ab</strong></span> <span class='ocrx_word' id='word_1_208' title='bbox 640 1852 785 1894; x_wconf 86' lang='lat' dir='ltr'><strong>Origene</strong></span> <span class='ocrx_word' id='word_1_209' title='bbox 818 1854 955 1887; x_wconf 89' lang='lat' dir='ltr'><strong>lacerari</strong></span> <span class='ocrx_word' id='word_1_210' title='bbox 978 1856 1192 1889; x_wconf 89' lang='lat' dir='ltr'><strong>Demetrium</strong></span> 
     </span>
     <span class='ocr_line' id='line_1_30' title="bbox 68 1915 1192 1962; baseline 0.004 -15"><span class='ocrx_word' id='word_1_211' title='bbox 68 1915 329 1948; x_wconf 81' lang='lat' dir='ltr'><strong>Alexandrinum</strong></span> <span class='ocrx_word' id='word_1_212' title='bbox 361 1915 579 1959; x_wconf 87' lang='lat' dir='ltr'><strong>episcopum,</strong></span> <span class='ocrx_word' id='word_1_213' title='bbox 616 1923 648 1946; x_wconf 85' lang='lat' dir='ltr'><strong>et</strong></span> <span class='ocrx_word' id='word_1_214' title='bbox 677 1915 781 1948; x_wconf 89' lang='lat' dir='ltr'><strong>totius</strong></span> <span class='ocrx_word' id='word_1_215' title='bbox 819 1916 908 1948; x_wconf 89' lang='lat' dir='ltr'><strong>orbis</strong></span> <span class='ocrx_word' id='word_1_216' title='bbox 946 1917 1124 1962; x_wconf 88' lang='lat' dir='ltr'><strong>episcopos</strong></span> <span class='ocrx_word' id='word_1_217' title='bbox 1155 1932 1192 1951; x_wconf 85' lang='lat' dir='ltr'><strong>ac</strong></span> 
     </span>
    </p>
   </div>
   <div class='ocr_carea' id='block_1_3' title="bbox 69 1975 1194 2022">
    <p class='ocr_par' dir='ltr' id='par_1_3' title="bbox 69 1975 1194 2022">
     <span class='ocr_line' id='line_1_31' title="bbox 69 1975 1194 2022; baseline 0.004 -15"><span class='ocrx_word' id='word_1_218' title='bbox 69 1975 219 2016; x_wconf 87' lang='lat' dir='ltr'><strong>clericos,</strong></span> <span class='ocrx_word' id='word_1_219' title='bbox 242 1989 260 2008; x_wconf 89' lang='lat' dir='ltr'><strong>a</strong></span> <span class='ocrx_word' id='word_1_220' title='bbox 284 1975 404 2020; x_wconf 88' lang='lat' dir='ltr'><strong>quibus</strong></span> <span class='ocrx_word' id='word_1_221' title='bbox 429 1976 590 2009; x_wconf 86' lang='lat' dir='ltr'><strong>ecclesiae</strong></span> <span class='ocrx_word' id='word_1_222' title='bbox 608 1976 846 2010; x_wconf 85' lang='lat' dir='ltr'><strong>communione</strong></span> <span class='ocrx_word' id='word_1_223' title='bbox 862 1978 969 2010; x_wconf 84' lang='lat' dir='ltr'><strong>fuerat</strong></span> <span class='ocrx_word' id='word_1_224' title='bbox 985 1979 1194 2022; x_wconf 88' lang='lat' dir='ltr'><strong>prohibitus;</strong></span> 
     </span>
    </p>
   </div>
   <div class='ocr_carea' id='block_1_4' title="bbox 66 2115 1192 2217">
    <p class='ocr_par' dir='ltr' id='par_1_4' title="bbox 66 2115 1192 2217">
     <span class='ocr_line' id='line_1_32' title="bbox 165 2115 1192 2161; baseline 0.007 -16"><span class='ocrx_word' id='word_1_225' title='bbox 165 2115 193 2156; x_wconf 88' lang='lat'><strong>¹)</strong></span> <span class='ocrx_word' id='word_1_226' title='bbox 220 2115 394 2159; x_wconf 85' lang='lat' dir='ltr'><strong>Nunquam</strong></span> <span class='ocrx_word' id='word_1_227' title='bbox 420 2117 500 2149; x_wconf 89' lang='lat' dir='ltr'><strong>duas</strong></span> <span class='ocrx_word' id='word_1_228' title='bbox 526 2117 580 2149; x_wconf 88' lang='lat' dir='ltr'><strong>has</strong></span> <span class='ocrx_word' id='word_1_229' title='bbox 603 2116 762 2161; x_wconf 87' lang='lat' dir='ltr'><strong>epistolas</strong></span> <span class='ocrx_word' id='word_1_230' title='bbox 788 2116 932 2158; x_wconf 86' lang='lat' dir='ltr'><strong>vulgavit</strong></span> <span class='ocrx_word' id='word_1_231' title='bbox 956 2116 1109 2159; x_wconf 89' lang='lat' dir='ltr'><strong>Huetius,</strong></span> <span class='ocrx_word' id='word_1_232' title='bbox 1134 2121 1192 2152; x_wconf 88' lang='lat' dir='ltr'><strong>sed</strong></span> 
     </span>
     <span class='ocr_line' id='line_1_33' title="bbox 66 2171 1190 2217; baseline 0.004 -14"><span class='ocrx_word' id='word_1_233' title='bbox 66 2171 182 2203; x_wconf 71' lang='lat' dir='ltr'><strong>ambae</strong></span> <span class='ocrx_word' id='word_1_234' title='bbox 206 2179 356 2213; x_wconf 83' lang='lat' dir='ltr'><strong>repertae</strong></span> <span class='ocrx_word' id='word_1_235' title='bbox 381 2181 456 2204; x_wconf 91' lang='lat' dir='ltr'><strong>sunt</strong></span> <span class='ocrx_word' id='word_1_236' title='bbox 481 2173 513 2204; x_wconf 91' lang='lat' dir='ltr'><strong>in</strong></span> <span class='ocrx_word' id='word_1_237' title='bbox 540 2173 611 2217; x_wconf 84' lang='lat' dir='ltr'><strong>ejus</strong></span> <span class='ocrx_word' id='word_1_238' title='bbox 635 2172 767 2217; x_wconf 89' lang='lat' dir='ltr'><strong>scriptis</strong></span> <span class='ocrx_word' id='word_1_239' title='bbox 794 2173 891 2211; x_wconf 81' lang='lat' dir='ltr'><strong>Mss.,</strong></span> <span class='ocrx_word' id='word_1_240' title='bbox 917 2186 1001 2217; x_wconf 84' lang='lat' dir='ltr'><strong>quae</strong></span> <span class='ocrx_word' id='word_1_241' title='bbox 1027 2174 1096 2207; x_wconf 86' lang='lat' dir='ltr'><strong>RR.</strong></span> <span class='ocrx_word' id='word_1_242' title='bbox 1124 2175 1190 2209; x_wconf 88' lang='grc' dir='ltr'><strong>ΡΡ.</strong></span> 
     </span>
    </p>
   </div>
   <div class='ocr_carea' id='block_1_5' title="bbox 67 2225 1190 2315">
    <p class='ocr_par' dir='ltr' id='par_1_5' title="bbox 67 2225 1190 2315">
     <span class='ocr_line' id='line_1_34' title="bbox 67 2225 1190 2270; baseline 0.005 -11"><span class='ocrx_word' id='word_1_243' title='bbox 67 2225 215 2259; x_wconf 76' lang='lat' dir='ltr'><strong>Jesuitan:</strong></span> <span class='ocrx_word' id='word_1_244' title='bbox 251 2227 353 2259; x_wconf 85' lang='lat' dir='ltr'><strong>sancti</strong></span> <span class='ocrx_word' id='word_1_245' title='bbox 392 2229 555 2261; x_wconf 84' lang='lat' dir='ltr'><strong>Ludovici</strong></span> <span class='ocrx_word' id='word_1_246' title='bbox 594 2228 788 2262; x_wconf 80' lang='lat' dir='ltr'><strong>parisiensis</strong></span> <span class='ocrx_word' id='word_1_247' title='bbox 833 2228 974 2270; x_wconf 72' lang='lat' dir='ltr'><strong>benigne</strong></span> <span class='ocrx_word' id='word_1_248' title='bbox 1015 2231 1190 2264; x_wconf 86' lang='lat' dir='ltr'><strong>nobiscum</strong></span> 
     </span>
     <span class='ocr_line' id='line_1_35' title="bbox 68 2281 453 2315; baseline 0.003 -1"><span class='ocrx_word' id='word_1_249' title='bbox 68 2281 366 2315; x_wconf 77' lang='lat' dir='ltr'><strong>communicarunt.</strong></span> <span class='ocrx_word' id='word_1_250' title='bbox 415 2283 453 2315; x_wconf 79' lang='lat' dir='ltr'><strong>R.</strong></span> 
     </span>
    </p>
   </div>
  </div>
 </body>
</html>
