1413 2482
216 85 258 120 4⁵3
542 85 655 119 Perat
680 85 852 119 Dmtssus
877 86 1008 120 Humn

216 177 346 210 ltaliam
372 176 437 209 tuis
464 185 539 220 post
567 176 737 210 Christum
764 175 916 220 epistolis
941 175 1163 208 liberatarum
1192 188 1269 208 rura
1295 175 1345 208 ni-

216 239 339 271 mirum
365 238 528 271 Anastasii
554 238 684 282 Papae,
709 250 725 270 a
751 249 832 282 quo,
856 246 893 270 ut
917 237 1092 282 superiore
1116 237 1265 270 sortione
1292 236 1344 269 di-

215 310 305 333 ctum
332 310 391 338 est,
415 299 611 343 profligatus
637 300 745 331 fuerat
772 298 1011 340 Origenismus.
1059 300 1096 331 ln
1116 299 1179 332 alia
1197 300 1238 331 ad
1264 311 1344 331 eun-

215 363 292 394 dem
325 362 532 405 cpist‹›la,')
569 361 720 393 Priscum
759 370 791 393 et
821 361 993 393 Eubulum
1020 373 1037 393 a
1074 361 1267 405 Theophila
1310 360 1341 392 in

214 424 436 456 Palaestinam
468 423 594 464 legatos
626 431 735 454 narrat
761 422 930 466 dispersos
956 423 1112 465 regulos,
1138 421 1343 464 Origenistas

213 484 386 524 nimirum,
411 497 518 529 usque
543 484 583 516 ad
609 496 682 515 suas
716 484 857 516 latebras
890 484 990 516 fuisse
1022 494 1235 528 persecutos;
1267 496 1344 525 gau-

214 546 293 577 dere
319 558 436 578 omnes
469 547 513 577 ob
539 554 668 590 partam
694 546 734 577 ab
761 546 948 578 llaereticis
980 546 1175 578 victoriam:
1211 546 1342 578 »Macte

214 607 348 647 virtute,
373 607 493 652 inquit,
518 617 626 640 macte
651 608 724 639 zelo
750 607 848 648 fidei,
883 607 1059 640 ostendisti
1085 608 1175 652 quod
1202 608 1266 639 lnue
1288 620 1343 639 us·

214 682 279 714 que
312 669 520 701 taciturnitas
559 669 764 713 dispensatio
799 669 881 710 fuit,
916 682 985 702 non
1017 682 1226 702 consensus«
1274 669 1341 702 Po-

212 740 337 764 stremo
361 732 527 763 Joannem
554 731 900 777 Hierosolymitanum
934 732 979 764 ob
1003 741 1195 776 susceptum
1222 731 1342 772 Orige-

211 793 331 825 nistam
358 794 543 837 quendam,
575 793 967 838 antequam'Thcopliili
1003 793 1114 826 literas
1147 792 1341 837 accepisset,

213 864 345 887 excusat
371 855 419 887 his
445 855 571 887 verbis:
601 856 732 900 »Super
753 855 967 899 susceptione
993 855 1166 902 eujusdam
1191 868 1259 887 nou
1284 855 1342 886 de-

210 918 269 949 bes
293 926 407 949 contra
433 917 524 948 urbis
556 916 652 961 liujus
678 916 794 948 dolere
819 917 1036 960 pontificem,
1066 918 1142 962 quia
1167 916 1250 949 nihil
1276 915 1340 948 tuis

210 979 316 1011 literis
340 978 558 1023 praecepisti:
585 987 616 1009 ct
641 978 855 1010 temerarium
880 979 942 1011 suit
968 979 1010 1012 de
1033 991 1084 1018 eo,
1110 979 1200 1022 quod
1215 978 1342 1010 nescie-

210 1042 278 1082 bat,
303 1042 389 1073 ferre
414 1039 629 1072 sontemiam:
663 1049 773 1071 tamen
798 1052 877 1071 reor
900 1040 997 1072 illum
1023 1053 1084 1073 nec
1111 1040 1252 1079 audere,
1276 1052 1337 1072 nec

209 1104 295 1136 velle
323 1111 354 1135 te
379 1102 412 1134 in
437 1101 553 1145 aliquo
579 1102 743 1133 laedere.«
794 1100 927 1143 Quibus
957 1114 1026 1133 non
1057 1102 1225 1134 Joannem
1258 1101 1339 1134 Hie-

209 1163 503 1210 rosolymitanum,
529 1164 586 1195 sed
604 1163 884 1208 Clnrysostomum
902 1162 1012 1195 notari
1033 1172 1152 1207 putant
1164 1163 1337 1196 nonnulli:

209 1228 267 1260 sed
292 1239 360 1258 non
385 1226 605 1270 persuadent3
637 1237 712 1257 nam
743 1238 847 1256 unum
880 1225 1048 1269 quendam
1072 1234 1264 1270 susceptum
1289 1225 1339 1258 di-

210 1290 257 1321 cit
281 1288 525 1333 Hieronymus,
558 1296 590 1319 at
616 1286 854 1331 quinquaginta
889 1286 1148 1332 Chrysostomus
1179 1276 1335 1331 suscepi't.

208 1350 342 1383 Deinde
368 1362 443 1381 cum
470 1349 515 1381 ait
540 1349 787 1391 Hieronymus:
816 1348 936 1381 »Urbis
961 1347 1104 1393 hujus:«
1138 1357 1249 1380 utram
1275 1361 1336 1392 po—

207 1412 274 1444 tius
300 1411 432 1442 videtur
454 1409 638 1450 significare
672 1408 994 1453 Constantinopolin
1026 1418 1078 1442 tot
1108 1409 1336 1442 mansionibus

208 1473 372 1513 dissitam3
397 1485 436 1503 an
462 1471 744 1516 Hierosolymam,
770 1469 863 1515 cujus
895 1471 930 1503 in
963 1471 1084 1520 vicinia
1107 1472 1188 1504 haec
1212 1471 1336 1504 scribe-

207 1535 287 1569 bat?
311 1533 461 1567 Omnino
487 1542 575 1565 certe
607 1532 933 1578 Hierosolymitanus
957 1533 1104 1566 Joannes
1128 1533 1263 1566 videtur
1285 1533 1318 1566 in

205 1596 420 1638 telligendus.
467 1595 515 1627 Ex
541 1594 589 1627 his
613 1594 774 1638 suspicari
802 1594 880 1626 licet
912 1595 1118 1628 deferbuisse
1143 1595 1333 1641 aliquantu-

206 1659 276 1690 lum
301 1658 366 1690 hoc
390 1667 544 1701 tempore
569 1655 673 1700 ipsius
688 1669 764 1688 cum
785 1656 995 1702 Hieronymo
1013 1657 1211 1697 simultates,
1236 1658 1333 1702 (quas

206 1733 337 1753 rursum
370 1728 480 1751 tamen
511 1718 749 1760 redintegratas
780 1718 880 1750 fuisse
918 1718 1058 1751 inferius
1090 1720 1333 1763 ostendemus,)

207 1792 239 1815 et.
271 1782 478 1826 aliquantum
510 1781 551 1813 de
583 1792 696 1812 amore
735 1792 796 1812 suo
829 1780 986 1813 adversus
1021 1770 1202 1823 Origenem
1233 1781 1333 1813 remi-

207 1845 305 1883 sisse,
331 1843 383 1875 vel
415 1841 613 1875 sententiam
641 1849 730 1872 certe
761 1854 853 1873 suam
887 1841 1118 1876 dissimulasse.
1167 1841 1271 1885 Quod
1295 1852 1332 1874 ut

206 1905 374 1950 suspicer,
414 1903 493 1936 facit
517 1903 602 1934 illud
635 1902 817 1947 Theophili
850 1903 883 1935 in
919 1904 983 1936 alia
1014 1904 1055 1935 ad
1087 1903 1331 1949 Hieronymum

207 1966 368 2012 epistola:
396 1967 526 2009 »Atque
540 1966 574 2008 2‘)
599 1964 724 1996 utinam
750 1964 839 2009 apud
871 1977 930 1997 vos
962 1977 1097 2009 quoque
1122 1965 1332 2009 deponerent

205 2027 415 2075 hypocrisin,
449 2026 505 2070 qui
540 2026 673 2058 occulte
699 2025 857 2058 dicuntur
887 2027 1047 2059 subruere
1071 2027 1262 2059 veritatem:
1289 2027 1330 2059 de

207 2089 327 2134 quibus
351 2101 419 2120 non
446 2089 530 2120 bene
556 2087 734 2120 sentientes
766 2088 799 2120 in
825 2087 864 2120 iis
888 2089 1082 2131 regionibus
1106 2089 1330 2121 fratres‘haec

303 2224 333 2267 ¹)
359 2222 429 2255 Csr.
454 2222 650 2267 Hieronym.
677 2222 771 2266 epist.
798 2223 849 2257 ΤΟ.

299 2279 332 2322 ²)
361 2278 429 2311 Csr.
455 2279 543 2323 apud
570 2278 764 2325 llieronym.
791 2280 885 2324 epist.
910 2279 963 2313 72.
