1422 2472
357 88 669 122 Omcemmonum
698 88 811 122 Lmen
836 87 902 123 ΠΙ.
1130 87 1194 122 177

67 190 144 210 vero
179 177 212 210 in
237 177 383 224 Synopsi
416 179 516 210 docet
550 177 780 223 imperante¹)
804 177 991 216 Caracalla,
1027 176 1058 209 in
1093 177 1193 210 doliis

65 239 284 272 Hierichunte
310 248 477 283 repertam
514 238 615 271 fuisse
646 239 793 284 quintam
828 253 844 272 a
869 239 1021 271 studioso
1046 239 1193 283 quodam

65 314 103 333 ex
128 301 189 341 iis,
215 301 270 346 qui
297 310 387 333 erant
414 300 689 346 Hierosolymae;
712 311 836 334 sextam
861 313 941 333 vero
966 301 1027 333 sub
1054 301 1194 332 Alexan-

65 363 127 395 dro
160 363 368 395 Mammaeae
392 362 554 406 Nicopoli
586 363 626 394 ad
653 363 788 396 Actium
822 376 839 396 a
865 362 1010 408 quodam
1036 360 1193 404 origenis

63 423 244 468 discipulO.
292 425 386 456 Idem
413 424 665 469 propemodum
689 424 789 457 habet
812 423 1020 470 Epiphanius
1044 422 1078 456 in
1103 422 1192 456 libro

64 485 106 517 de
130 485 235 529 pond.
262 494 294 517 et
317 498 420 523 mens,
448 499 521 530 cap,
548 485 612 524 18„
644 484 804 530 additque
829 485 979 530 priorem
1004 498 1022 518 e
1046 484 1192 518 tenebris

64 546 165 579 fuisse
199 556 327 579 erutam
357 547 501 592 septimo
529 547 720 580 Caracallae
753 559 849 579 anno.
896 545 1044 579 Fallitur
1067 547 1193 579 Cedre-

64 622 142 649 nus,
174 607 230 653 qui
255 618 430 653 utramque
452 608 673 641 Hierichunte
698 608 869 641 inventam
893 607 994 641 fuisse
1017 616 1140 640 narrat.

151 669 201 702 Ex
226 669 266 702 iis
290 683 345 702 sex
369 669 720 713 interpretationibus,
746 678 779 702 et
803 669 972 702 Hebraico
998 669 1192 714 exemplari,

65 731 224 776 Tetrapla
248 744 325 771 sua,
349 731 517 775 Hexapla,
547 739 580 763 et
607 730 752 775 Octapla
777 728 941 773 Origenes
966 731 1191 764 concinnavit.

63 792 159 837 Ac’)
192 792 361 837 Tetrapla'
385 791 539 837 quidem,
576 805 660 837 quae
694 792 855 837 Hexaplis
889 801 1000 826 tamen
1036 801 1193 837 tempore

62 853 254 899 posteriora
287 855 441 894 suerunt,
478 862 624 899 quatuor
658 855 855 887 constabant
892 854 1097 888 editionibus
1130 866 1193 899 per

64 916 237 948 columnas
270 915 460 959 dispositis,
492 914 600 959 prima
626 915 788 960 Aquilae,
818 916 964 949 secunda
988 915 1193 962 Symmachi,

63 977 161 1010 tertia
183 976 391 1021 septuaginta
415 989 544 1017 senum,
569 985 602 1009 et
625 985 797 1020 postrema
819 977 956 1010 demum
981 976 1193 1010 Theodotiu-

64 1038 125 1070 nis.
172 1039 491 1082 interpretationem
522 1040 594 1072 τῶν
625 1037 876 1083 ἑβδομήκοντα
901 1038 1002 1071 tertio
1027 1039 1105 1071 loco
1131 1051 1194 1083 po-

66 1099 150 1138 suit,
174 1108 211 1131 ut
236 1100 276 1131 ad
303 1112 397 1138 eam,
430 1112 529 1143 quam
556 1098 706 1131 omnium
733 1099 940 1132 existimabat
965 1113 1034 1132 esse
1058 1112 1193 1132 accura-

66 1160 245 1200 tissimam,
288 1160 435 1204 reliquae
471 1159 603 1191 facilius
640 1158 725 1201 exigi
763 1169 796 1192 et
831 1161 1010 1194 examinari
1044 1170 1194 1205 possent.

67 1222 226 1266 Hexaplis
250 1222 310 1253 hae
335 1221 425 1265 ipsae
449 1220 741 1263 interpretationes
759 1230 912 1265 quatuor,
938 1223 1058 1254 eodem
1076 1222 1195 1254 ordine

68 1284 272 1322 collocatae,
302 1295 378 1315 cum
402 1282 572 1315 Hebraico
597 1282 797 1326 exemplari,
823 1283 998 1316 Hebraicis
1023 1284 1194 1328 descripto

66 1344 188 1384 literis,
222 1353 255 1376 et
287 1345 407 1376 eodem
434 1344 572 1377 Graecis
602 1344 848 1377 characteribus
881 1354 1012 1377 exarato
1046 1346 1196 1378 contine-

65 1407 196 1438 bantur.
255 1404 354 1438 Prior
393 1406 591 1438 occurrebat
626 1406 782 1438 columna
825 1405 989 1438 Hebraica
1029 1406 1194 1439 Hebraice

67 1467 219 1512 depicta3
250 1476 282 1499 at
308 1479 391 1511 quae
416 1476 609 1500 contextum
633 1467 838 1500 Hebraicum
865 1468 1000 1500 Graecis
1025 1478 1194 1501 exaratum

68 1529 172 1562 literis
197 1528 389 1568 exhibebat,
413 1528 685 1573 interpretationi
710 1529 852 1573 Aquilae
876 1529 1029 1573 proxime
1055 1530 1193 1576 conjun-

67 1592 216 1634 gebatur.
262 1589 447 1634 Subiuncta
470 1599 581 1622 autem
605 1599 682 1634 post
703 1603 757 1621 sex
785 1590 858 1622 illas
884 1591 1055 1624 columnas
1081 1592 1193 1625 Hieri—

69 1652 226 1686 chuntina
251 1650 416 1691 editione,
449 1664 547 1696 quam
574 1651 723 1696 quintam
748 1651 932 1695 appellavit
957 1653 1137 1695 Origenes,
1163 1662 1196 1686 et

68 1713 198 1747 numeri
221 1711 362 1758 quinarii
386 1722 465 1745 nota
490 1716 509 1747 ε’
529 1712 714 1755 insignivit3
746 1722 779 1746 et
803 1723 880 1758 post
904 1713 1194 1748 Hierichuntinam

69 1775 320 1820 Nicopolitana,
344 1787 442 1819 quam
464 1773 597 1806 vocavit
615 1784 752 1814 sextam,
770 1784 803 1808 et
820 1776 987 1821 ἐπισήμῳ
1005 1774 1036 1817 ς’
1054 1777 1195 1818 notavit,

70 1837 214 1882 Octapla
239 1836 446 1869 exsistebant.
494 1835 585 1868 Haec
609 1836 678 1868 fere
702 1836 909 1881 Epiphanius
940 1837 1017 1870 loco
1041 1838 1195 1872 laudato:

166 1932 196 1975 ¹)
221 1931 269 1964 Ea
292 1931 364 1976 ipsa
389 1940 437 1963 est
461 1930 581 1975 procul
605 1931 728 1971 dubio,
759 1932 800 1964 de
834 1944 898 1976 qua
921 1931 1084 1965 Eusebius
1109 1933 1194 1965 Hist.

74 1988 130 2021 lib.
146 1988 204 2020 VI.
241 2000 311 2032 cap.
337 1987 389 2022 16.
423 1986 505 2021 Ἐπὶ
534 1989 624 2032 μιᾶς
653 1981 757 2027 αὖθις
788 1991 1045 2031 σεσημείωται,
1079 1986 1125 2026 ὠς
1156 1989 1196 2022 ἐν

72 2043 213 2089 Ἱεριχοῖ
236 2042 432 2088 εὑρημένης
458 2045 496 2077 ἓν
520 2048 636 2088 πίθῳ,
671 2043 760 2078 κατὰ
787 2044 868 2083 τοὺς
887 2043 1042 2090 χρόνους
1063 2044 1196 2079 Ἀντω-

77 2104 178 2135 νίνου
205 2101 266 2133 τοῦ
291 2102 370 2134 υἱοῦ
395 2098 572 2145 Σεβὴρου.
620 2100 661 2133 R.

170 2155 204 2198 ²)
230 2155 399 2199 Tetraplis
417 2155 566 2199 Hexapla
590 2155 780 2199 posteriora
798 2156 899 2189 fuisse
917 2155 1037 2188 evincit
1056 2156 1099 2188 D.
1116 2155 1196 2188 Ber-

78 2211 201 2244 nardus
226 2211 267 2243 de
285 2212 505 2245 Montfaucon
530 2212 565 2245 in
589 2212 654 2245 suis
672 2211 967 2245 Praeliminaribus
993 2213 1033 2244 ad
1051 2212 1198 2256 Hexapla

80 2266 234 2309 Origenis
260 2279 330 2311 cap.
349 2269 374 2300 I.
401 2281 490 2301 num.
508 2268 538 2303 3.
562 2281 634 2312 pag.
654 2268 686 2302 9.
732 2269 769 2300 R.

125 2329 296 2362 Omczms
315 2329 453 2363 OPERA.
477 2330 572 2363 ΤοΜ.
590 2330 714 2362 XXIV.
961 2328 1002 2363 12
