1413 2482
163 88 231 124 206
486 86 602 119 Parni
625 85 800 119 Damus
825 85 957 119 Hom-11

163 192 242 212 nem
260 176 453 223 praecessit,
479 185 511 208 et
535 173 652 219 κοινή,
677 187 736 208 seu
763 175 896 217 vulgata
920 175 1092 220 appellata
1117 186 1176 218 est,
1202 189 1302 222 quae-

164 254 230 287 que
254 238 434 283 multiplex
458 246 492 270 et
519 237 650 270 diversa
674 236 755 277 fuit,
778 246 901 282 utpote
925 237 1031 270 varias
1055 251 1150 282 passa
1173 239 1304 272 adulte-

162 303 321 337 rationes.
368 301 446 333 Non
472 299 535 332 alia
567 308 682 332 autem
713 299 924 344 septuaginta
948 299 1170 344 interpretum
1195 301 1301 334 editio

163 364 391 409 usurpabatur
415 361 516 403 vulgo
542 370 619 394 ante
635 360 832 404 origenem,
858 373 957 406 quam
983 359 1190 406 quaexowvi
1213 362 1304 396 dice-

162 428 270 458 batur.
318 425 413 458 Hanc
436 422 705 467 appellationem
729 423 857 456 idcirco
884 432 1066 456 consecuta
1090 432 1180 463 erat,
1209 425 1303 469 quod

162 488 255 520 nulla
292 499 354 532 per
386 484 563 519 Orientem
605 484 800 529 Scripturae
837 484 944 517 editio
981 485 1207 529 frequentiori
1241 499 1303 519 usu

163 558 408 582 contereretur.
447 546 527 590 Quo
553 547 680 579 factum
705 555 765 587 est,
789 556 827 580 ut
852 546 960 580 editio
983 544 1089 589 κοινή
1114 559 1184 579 non
1203 559 1304 580 unam

161 612 310 656 aliquam
342 619 376 642 et
406 609 616 654 peculiarem
647 609 856 653 septuaginta
881 621 999 642 senum
1033 608 1219 642 editionem
1242 622 1306 642 no-

162 683 232 706 tare
265 672 389 706 deinde
422 670 594 716 coeperit,
626 671 684 704 sed
718 670 827 715 ipsam
859 671 1048 704 eorundem
1077 670 1303 716 interpretum

162 734 419 768 conversionem
455 732 605 775 generali
643 732 874 776 appellatione
911 720 1158 774 significaverit.
1216 734 1303 766 Rem

161 809 230 829 uno
257 797 362 828 verbo
389 794 544 840 expedio.
591 794 808 827 Vocabulum
842 794 944 833 illud,
976 793 1101 839 κοινή,
1133 795 1246 837 generi
1271 804 1303 828 et

161 858 287 904 speciei
313 870 492 890 commune
518 857 599 896 fuit,
630 865 669 889 ut
693 855 777 889 aliae
805 856 988 901 pleraeque
1022 867 1142 890 voces:
1178 856 1303 899 generi,

162 934 238 954 cum
265 920 537 965 qualemcunque
561 921 634 952 τῶν
658 917 911 962 ἑβδομήκοντα
944 918 1132 951 editionem
1155 918 1303 960 notavit3

160 982 298 1028 speciei,
323 995 398 1014 cum
426 981 456 1014 ei
480 980 546 1013 soli
570 980 704 1013 addicta
729 989 788 1020 est,
813 992 898 1025 quae
923 989 999 1012 ante
1015 979 1172 1023 Origenis
1190 993 1303 1013 emen-

161 1044 335 1077 dationem
368 1042 677 1075 circumferebatur.
725 1042 862 1086 Speciei
893 1041 1019 1074 tributa
1051 1042 1302 1087 estprimum,

160 1107 241 1139 inde
271 1106 312 1137 ad
343 1117 446 1146 genus
477 1103 589 1149 ipsum
624 1103 789 1137 transivit.
843 1102 1079 1146 Quamobrem
1117 1104 1301 1149 aliquando

160 1168 391 1214 Hieronymus
415 1165 498 1205 τοὺς
515 1163 780 1211 ἑβδομήκοντα,
807 1165 849 1198 ab
867 1165 1014 1207 Origene
1038 1165 1172 1199 scilicet
1189 1179 1303 1200 emen-

161 1231 276 1270 datos,
299 1242 317 1262 a
341 1231 444 1277 κοινῇ
469 1227 663 1270 distinguit;
686 1227 871 1273 aliquando
897 1241 975 1261 cum
1000 1240 1038 1261 ea
1061 1228 1247 1272 permiscet
1268 1236 1302 1261 et

162 1291 352 1324 confundit.
399 1290 588 1333 Distinguit
612 1289 750 1335 quidem
776 1288 810 1321 in
828 1289 1014 1322 Prooemio
1039 1290 1081 1323 ad
1106 1290 1232 1324 librum
1247 1289 1300 1326 16.

162 1353 393 1386 Commentar.
418 1352 452 1385 in
478 1352 610 1385 Isaiam.
660 1350 852 1396 »Liquido,
875 1351 1006 1395 inquit,
1039 1351 1241 1385 confitentes
1265 1352 1301 1384 in

160 1414 330 1448 Hebraico
357 1426 425 1446 non
450 1413 577 1453 baberi,
600 1426 664 1446 nec
689 1425 758 1445 esse
781 1413 816 1444 in
840 1413 946 1446 LXX.
963 1412 1217 1458 interpretibus,
1240 1414 1300 1447 sed

160 1477 196 1509 in
229 1476 379 1509 editione
409 1475 689 1520 Vulgata,-quae
724 1474 854 1507 Graece
885 1473 988 1518 κοινή
1021 1475 1162 1516 dicitur,
1201 1485 1236 1509 et
1265 1475 1300 1509 in

161 1548 236 1571 toto
263 1539 346 1571 orbe
372 1537 504 1570 diversa
528 1546 615 1570 ests«
662 1537 770 1570 LXX.
794 1535 996 1581 interpretes
1020 1537 1128 1580 signat
1151 1539 1193 1570 ab
1218 1537 1300 1572 Ori·

160 1614 243 1643 gene
276 1597 530 1645 emendatos.¹)
576 1599 622 1632 Et
655 1599 690 1631 in
722 1598 867 1643 epistola
899 1600 942 1632 ad
976 1600 1058 1633 Suu.
1095 1608 1128 1632 et
1157 1599 1301 1636 Fretell.

164 1661 299 1706 »Κοινή
325 1672 438 1695 autem
468 1661 644 1701 ista‚·hoc
670 1671 736 1701 est,
768 1661 956 1694 communis
987 1660 1114 1702 editio,
1144 1661 1218 1705 ipsa
1248 1670 1300 1695 est

161 1737 247 1768 quae
278 1733 311 1756 et
341 1723 580 1768 Septuaginta;
614 1723 675 1756 sed
710 1723 775 1755 hoc
810 1723 950 1756 interest
984 1722 1072 1765 inter
1106 1732 1300 1768 utramque,

161 1786 256 1830 quod
287 1785 390 1829 κοινή
421 1798 484 1830 pro
517 1785 601 1818 locis
635 1794 670 1817 et
694 1785 925 1829 temporibus,
960 1793 994 1817 et
1023 1796 1088 1828 pro
1120 1783 1298 1817 voluntate

159 1846 366 1891 scriptorum
391 1856 543 1879 veterum
569 1856 727 1892 corrupta
753 1847 857 1880 editio
884 1855 943 1879 est.
990 1846 1039 1879 Ea
1063 1854 1187 1886 autem,
1212 1859 1298 1891 quae

160 1909 302 1941 babetur
332 1909 367 1941 in
389 1907 601 1952 Ἑξαηλοῖς,
634 1918 667 1940 et
698 1921 798 1953 quam
830 1921 892 1942 nos
923 1908 1101 1948 vertimus,
1132 1907 1205 1953 ipsa
1236 1917 1298 1948 est,

160 1983 247 2015 quae
271 1970 304 2003 in
329 1969 654 2020 eruditorum-libris
671 1969 867 2014 incorrupta
887 1979 921 2002 et
932 1969 1145 2002 immaculata
1162 1978 1297 2014 septua—

161 2032 250 2075 ginta
282 2032 504 2076 interpretum
538 2031 712 2065 translatio
744 2041 943 2065 reservatur.
998 2030 1180 2077 Quidquid
1215 2044 1295 2074 ergo

161 2095 202 2126 ab
227 2094 287 2126 hac
311 2093 499 2138 discrepat,
528 2092 614 2126 nulli
639 2093 779 2126 dubium
805 2103 871 2133 est,
905 2093 986 2138 quin
1017 2092 1062 2126 ita
1095 2102 1128 2126 et
1158 2092 1295 2126 ab‘He-

161 2156 342 2189 braeorum
377 2155 575 2188 auctoritate
606 2154 786 2189 discordet.
799 2169 816 2185 κ
867 2154 1057 2189 Confundit
1091 2167 1172 2187 vero
1212 2154 1294 2193 τοὺς

260 2279 290 2323 Ι)
314 2278 380 2312 Ed.
405 2278 511 2312 Ruaei
536 2279 624 2312 sola:
653 2279 876 2313 »emendatos
902 2288 934 2312 et
957 2279 993 2313 in
1016 2277 1185 2324 epistola«
1212 2285 1276 2310 etc.
