1413 2482
200 96 268 130 240
538 94 651 126 Perm
677 93 852 127 Dmuzus
877 93 1010 127 Hmz‘rn

199 188 244 219 ita
261 186 379 219 scribit
392 185 506 218 Sixtus
522 183 680 218 Senensis
707 182 782 215 libr.
798 183 855 215 lV.
883 182 1048 216 Biblioth.
1080 181 1188 217 »Cum
1204 184 1342 218 Athenis

198 249 345 290 degeret,
370 246 434 291 jam
459 245 672 288 sexagenario
700 244 809 290 major
835 244 1042 284 elaboravit,
1066 245 1219 279 Eusebio
1244 256 1341 287 teste,

198 310 230 342 in
255 308 468 342 Ezechielem
494 307 626 340 Tomos
652 305 770 348 viginti
795 306 957 351 quinque,
983 320 1058 339 cum
1083 306 1177 352 prius
1201 307 1235 341 in
1260 321 1342 341 eun-

197 373 274 405 dem
301 370 502 416 prophetam
529 368 696 401 Homilias
721 368 882 413 plurimas
908 369 1086 402 dedisset.«
1136 369 1196 404 Bis
1220 381 1340 416 peccat

196 433 325 474 Sixtus;
362 444 439 464 nam
476 443 600 463 annum
635 430 928 475 quiquagesimum
964 431 1151 464 secundum
1187 434 1339 466 nondum

195 504 396 533 excesserat,
426 506 501 526 cum
527 493 672 525 alterum
698 493 901 525 Atheniense
934 492 998 525 iter
1021 493 1187 538 suscepit,
1218 503 1257 527 ut
1281 495 1339 528 de-

195 556 474 596 monstravimus;
501 567 568 599 quo
594 553 714 586 itinere
741 564 882 599 coeptos
907 554 940 587 in
965 554 1182 588 Ezechielem
1207 555 1338 590 Tomos

194 618 360 651 absolvit:
396 616 564 650 Homilias
590 625 702 648 autem
734 616 946 659 sexagenario
979 616 1089 662 major
1119 616 1251 658 habuit,
1283 628 1336 651 ut-

193 690 275 726 pote
300 692 384 725 quae
410 693 449 712 ex
473 679 610 711 illarum
638 679 740 711 classe
765 679 842 719 sint,
868 691 953 724 quae
980 692 1055 711 cum
1075 679 1337 724 pronuntiaren-
1363 725 1367 728 ι

191 752 248 775 tur
271 755 310 774 ex
333 742 497 781 ambone,
529 753 546 773 a
578 740 717 772 notariis
743 740 776 773 in
810 741 923 773 literas
956 742 1198 775 reserebantur.
1246 742 1337 776 Scri—

190 803 295 848 psisse
332 815 468 847 quoque
504 801 602 834 illum
638 788 795 835 nonnihil
834 802 867 835 in
900 802 1101 842 Danielem,
1137 803 1333 848 priusquam

191 865 430 910 exponendum
456 864 666 898 Matthaeum
691 864 896 908 susciperet,
923 865 1071 898 ostendit
1096 865 1181 897 illud
1207 878 1224 898 e
1250 866 1334 899 Tra-

190 936 267 960 ctat.
292 926 347 962 29.
370 926 403 959 in
430 927 550 960 Matth.
583 940 672 959 num.
699 926 752 961 40.
801 925 919 970 »Quae
953 936 1064 960 autem
1089 938 1276 972 sequuntur
1298 927 1332 961 in

188 998 282 1021 textu
305 988 470 1028 Danielis,
495 988 581 1021 sicut
605 988 791 1032 potuimus,
817 989 1064 1033 exposuimus.«
1109 988 1185 1031 Agit
1209 1002 1333 1035 nempe

189 1052 232 1084 de
269 1050 423 1083 Danielis
461 1050 573 1094 capite
597 1049 628 1084 9.
673 1063 758 1084 vers.
783 1049 836 1084 27.
896 1050 1053 1083 Diximus
1097 1051 1331 1097 Eusebium')

188 1111 377 1151 tradidisse,
401 1111 466 1157 jam
492 1111 705 1153 sexagenario
732 1110 897 1156 majorem
919 1111 1102 1154 Origenem
1128 1114 1215 1146 circa
1239 1113 1330 1146 idem

188 1183 323 1218 tempus
349 1172 487 1206 Celsum
512 1172 695 1212 refellisse,
729 1182 761 1205 et
796 1173 978 1206 duodecim
1013 1175 1196 1219 prophetas
1228 1188 1331 1221 expo-

187 1235 302 1268 suisse.
364 1235 465 1268 Certe
498 1235 663 1277 Origenes
705 1234 781 1268 libr.
804 1236 878 1269 Vll.
918 1246 1025 1269 contr.
1061 1237 1150 1272 Cels.
1185 1238 1329 1271 affectos

186 1297 252 1343 jam
277 1296 380 1329 fuisse
398 1296 672 1329 Commentarios
696 1310 775 1330 suos
799 1297 832 1329 in
850 1297 1044 1330 Duodecim
1071 1298 1204 1331 videtur
1227 1298 1330 1342 signi-

184 1360 304 1399 ficare,
337 1368 370 1391 et
402 1359 444 1391 ad
476 1371 535 1391 eos
569 1358 797 1403 perficiendos
824 1358 970 1391 divinam
1003 1372 1106 1404 opem
1130 1360 1327 1405 implorare.

187 1421 243 1455 Ait
269 1421 359 1454 enim
383 1433 477 1453 num.
505 1420 557 1455 11.
604 1420 710 1463 Πλὴν
734 1423 795 1454 καὶ
821 1419 943 1466 ἡμεῖς,
979 1421 1070 1456 κατὰ
1102 1421 1142 1457 τὸ
1167 1421 1328 1457 δυνατὸν

184 1482 294 1527 ἡμῖν,
321 1480 594 1526 πεποιήκαμεν,
629 1480 691 1526 ic),
725 1481 773 1522 ὥς
803 1495 894 1529 φησι
917 1486 1076 1528 Κέλσος,
1108 1482 1324 1531 πάροιστρα,

184 1547 246 1580 καὶ
282 1542 400 1587 πάντη
438 1540 555 1589 ἄδηλα
590 1544 681 1588 πρὸς
716 1547 812 1584 λέξιν
849 1535 1150 1591 διηγησάμενοι,’
1176 1545 1218 1581 ἐν
1250 1549 1326 1592 ριοἴς

182 1610 525 1653 πραγματευθεῖσιν
561 1606 653 1657 ἡμῖν
687 1609 737 1647 εἰς
774 1597 838 1643 ’ἰὸν
869 1606 1042 1652 Ἡσαΐαν,
1080 1609 1142 1642 καὶ
1177 1609 1226 1647 εἰς
1260 1606 1326 1643 τὸν

179 1667 352 1712 Ἰεζεκιὴλ,
379 1672 441 1703 καὶ
467 1671 516 1709 εἴς
540 1682 639 1707 τινας
662 1671 735 1704 τῶν
759 1668 927 1705 δώδεκα·
972 1670 1065 1705 Θεοῦ
1091 1669 1130 1703 δὲ
1156 1667 1325 1709 διδόντος

181 1728 248 1772 τὴν
281 1730 321 1764 ἐν
345 1732 393 1775 τῷ
430 1730 528 1776 λόγῳ
560 1731 674 1766 αὐτοῦ
705 1730 917 1777 προκοπὴν,
954 1730 1034 1766 καθ’
1058 1727 1120 1769 οὓς
1150 1730 1322 1774 βούλεται

177 1789 340 1838 χρόνους
375 1791 659 1838 προστεθήσεται
701 1797 776 1832 τοῖς
815 1789 882 1836 ἤδη
925 1790 1236 1837 ὑπαγορευθεΐσιν
1273 1795 1323 1834 εἰς

180 1855 310 1896 ταῦτα,
344 1850 419 1895 ἤτοι
446 1854 489 1888 τὰ
514 1857 707 1898 λείποντα,
742 1852 764 1899 ἢ
791 1853 858 1889 ὅσα
883 1853 914 1898 γ’
942 1851 992 1888 ἄν
1016 1852 1226 1901 φθάσωμεν
1250 1867 1321 1890 σα-

181 1918 344 1962 φηνίσαι.

269 1976 323 2009 De
350 1975 613 2010 Commentariis
638 1977 794 2020 Origenis
825 1976 858 2009 in
883 1976 1104 2019 Evangelium
1130 1978 1318 2012 secundum

178 2040 305 2072 Lucam
335 2038 412 2071 silet
435 2038 610 2072 Eusebius.
660 2040 735 2083 Ipse
767 2048 878 2071 tamen
911 2038 1073 2080 Origenes
1098 2039 1198 2073 Tom.
1223 2040 1316 2073 XVI.

179 2100 213 2133 in
238 2099 357 2133 Matth.
385 2113 476 2132 num.
503 2099 535 2134 9.
561 2112 679 2132 eorum
704 2099 876 2141 meminit,
909 2113 994 2145 quae.
1026 2109 1121 2134 antea
1147 2101 1256 2134 suerat
1281 2101 1315 2134 in

180 2163 304 2195 Lucam
331 2171 595 2205 commentatus3
618 2171 730 2194 utrum
758 2161 1101 2202 Commentariorum,
1125 2175 1165 2195 an
1191 2161 1314 2196 Homi-

276 2287 305 2329 ¹)
334 2286 402 2319 Cfr.
428 2285 550 2320 Euseb.
577 2284 703 2318 Histor.
730 2285 805 2317 libr.
821 2285 877 2317 Vl.
905 2297 975 2328 cap.
1002 2284 1056 2319 36.
