1422 2472
389 104 701 136 ORIGEMANORUM
728 101 840 132 Luffin
869 100 912 132 Η,
1170 93 1212 128 69

75 200 142 230 (ω’,
168 200 199 223 0²
225 204 311 223 nunc
336 192 552 231 abscondite,
585 190 676 236 quasi
710 190 742 222 in
768 189 875 222 foveis
904 188 1092 232 viperarum
1117 184 1208 228 apud

76 253 259 297 plerosque
286 263 445 293 versatur,
470 254 668 298 illarumque
693 251 838 296 partium
864 249 989 295 polluit
1013 246 1207 292 puritatem,

75 323 108 346 et
135 314 229 359 quasi
252 315 477 348 haereditario
503 316 592 348 malo
618 314 722 359 serpit
747 314 780 346 in
806 313 940 358 paucis,
973 319 1009 342 ut
1033 306 1209 353 perveniat

74 376 116 408 ad
149 376 349 420 plurimos.«
409 379 518 422 Atque
550 378 599 410 his
630 386 664 409 et
694 375 910 420 sequentibus
945 386 1012 405 non
1054 366 1211 410 Origeni-

74 450 184 469 smum
217 438 392 477 duntaxat,
432 439 490 470 sed
523 448 556 470 et
581 437 678 483 hujus
715 437 888 469 traducem
926 432 1208 475 pelagianismum

74 508 189 531 notat:
229 513 345 541 magna
382 499 409 532 si
452 499 587 544 quidem
624 499 799 531 doctrinae
839 498 1014 541 utriusque
1054 491 1208 526 affinitas.

74 560 174 593 Unde
209 561 355 593 Joannes
385 561 444 593 ille
478 560 808 606 Hierosolymitanus
839 572 939 604 saepe
972 558 1036 603 jam
1070 562 1207 586 vocatus

74 621 107 654 in
134 631 254 666 partes,
279 632 457 666 postquam
484 622 721 664 Origenianam
748 622 804 654 diu
831 618 1060 666 propugnavit
1081 613 1208 648 doctri-

73 696 161 723 nam,
186 683 220 716 in
246 684 458 725 Pelagianam
486 685 622 716 demum
648 683 825 729 prolapsus
851 692 918 724 est3
943 695 1004 714 nec
1032 676 1207 719 Pelagium

73 743 161 776 fovit
184 745 309 785 modo,
344 746 403 777 sed
437 745 637 792 Hieronymi
670 745 770 778 etiam
804 741 1094 786 Pelagiomastigis
1123 737 1209 770 ulci-

72 805 188 838 scendi
211 806 336 845 studio,
362 807 396 839 iu
422 801 676 852 disciplinarum
702 807 808 852 ipsius
832 804 1009 839 Eustochii
1036 812 1068 835 et
1080 799 1205 834 Paulae

73 867 276 900 monasteria
311 868 486 909 caedibus,
521 869 685 902 incendiis
717 882 754 901 ac
785 867 910 912 rapinis
940 880 1002 912 per
1025 862 1208 898 submissos

73 929 222 971 gregales
245 942 324 962 suos
349 940 511 972 grassatus
536 941 595 964 est.
634 933 678 963 At
696 943 773 963 eum
799 930 900 975 paulo
927 939 1005 974 post
1029 939 1121 960 mors
1147 936 1209 967 op-

74 991 204 1036 pressit,
228 1005 316 1024 anno
341 992 501 1025 nimirum
526 1002 604 1037 post
629 992 800 1026 Christum
824 1002 940 1025 natum
957 991 1047 1029 416„
1072 998 1104 1021 et
1128 998 1208 1031 qua·

75 1053 231 1086 driennio
268 1063 363 1098 post,
396 1054 505 1098 ipsum
539 1068 675 1098 quoque
709 1054 967 1100 Hieronymum.
1022 1053 1091 1085 Leo
1116 1050 1208 1092 Papa

74 1127 202 1159 suppar
225 1115 303 1147 huic
334 1115 434 1147 aetati
467 1115 500 1147 in
538 1116 633 1159 epist.
671 1116 722 1148 11.
762 1117 803 1148 ad
834 1115 1009 1148 Julianum
1043 1114 1208 1147 coensem

78 1176 300 1218 Origenianae
332 1176 517 1208 animarum
553 1176 814 1222 nyoijnciygswg
843 1177 1098 1209 damnationem
1129 1185 1210 1217 pro-

76 1238 133 1269 bat
168 1247 202 1269 et
233 1239 416 1281 praedicat.
470 1239 577 1270 Leoni
610 1239 758 1283 aequalis
790 1238 986 1271 Vincentius
1017 1233 1212 1271 Lirinensis,

78 1300 120 1332 de
146 1313 214 1344 quo
242 1299 276 1332 in
299 1299 477 1344 superiore
495 1300 646 1333 sectione
673 1301 828 1340 diximus,
853 1300 886 1332 in
912 1300 1032 1332 libello
1053 1298 1211 1330 adversus

78 1361 214 1393 Haeres.
241 1373 313 1405 rap.
338 1360 403 1401 23.‚
428 1362 580 1394 maximis
606 1362 791 1404 Origenem
815 1362 933 1394 affecit
950 1361 1116 1400 laudibus,
1140 1371 1208 1402 quo

77 1421 292 1466 splendidior
324 1432 409 1455 esset
440 1423 590 1468 subjecta
623 1424 840 1468 vituperatio.
896 1426 1027 1456 Auctor
1057 1419 1211 1461 Catalogi

77 1483 284 1528 scriptorum
310 1485 614 1518 ecclesiasticorum
649 1486 690 1517 ad
723 1485 960 1525 Desiderium,
995 1485 1212 1527 Hieronymo

79 1559 256 1590 perperam
283 1547 463 1591 adscripti,
497 1548 672 1580 haereticis
697 1547 827 1592 alioqui
852 1561 920 1580 non
947 1548 1042 1580 valde
1069 1546 1215 1590 iniquus,

79 1608 261 1650 Origenem
288 1617 399 1641 tamen
424 1609 625 1642 temeritatis
654 1619 687 1642 ct
709 1609 833 1642 erroris
850 1609 1031 1642 insimulat.
1068 1607 1216 1640 Diosco-

77 1683 146 1709 rus,
167 1671 411 1704 Alexandrinus
427 1673 572 1716 praesul,
598 1673 687 1715 apud
712 1673 877 1717 synodum
904 1672 1217 1705 chalcedonensem

82 1731 285 1774 Origenismi
312 1732 525 1765 insimulatus
550 1742 599 1765 est
622 1747 639 1765 a
665 1733 865 1772 Theodoro,
890 1722 1135 1766 Alexandrinae
1162 1744 1216 1762 ec-

83 1796 203 1828 clesiae
234 1795 391 1828 diacono.
445 1795 564 1827 Refert
598 1795 743 1838 Cyrillus
774 1797 979 1837 monachus,
1014 1795 1048 1827 in
1081 1794 1147 1826 vita
1178 1794 1213 1825 S.

84 1856 270 1903 Euthymii,
292 1856 470 1889 maximam
496 1856 762 1898 Origenistarum
794 1858 1049 1890 multitudinem
1074 1857 1107 1887 in
1133 1855 1216 1888 Cae-

83 1931 194 1951 sareae
220 1918 427 1950 Palaestinae
455 1917 574 1950 vicinia
600 1919 781 1960 habitasse;
807 1932 949 1963 cumque
977 1919 999 1950 ii
1025 1919 1064 1949 ad
1080 1916 1216 1949 sanctis-

85 1981 205 2012 simum
234 1981 398 2012 Abbatem
425 1980 642 2025 Euthymiurn
669 1982 864 2026 frequenter
888 1980 1089 2013 ventitarent
1113 1979 1217 2022 pieta-

88 2041 129 2073 tis
153 2043 312 2080 obtentu,
339 2041 516 2074 vanitatem
544 2042 694 2087 ipsorum
729 2054 760 2075 et
792 2056 942 2075 errorem
969 2042 1076 2074 virum
1101 2041 1217 2072 harum

88 2116 201 2135 rerum
226 2103 501 2137 callentissimum
528 2105 734 2146 coarguisse,
761 2115 793 2137 et
818 2106 1019 2137 reluctantes
1043 2114 1217 2144 argumen-

89 2167 130 2203 tis
156 2166 368 2208 oppressisse.
420 2167 641 2198 Memorabile
676 2180 756 2198 vero
790 2167 942 2210 inprimis
974 2164 1119 2198 Concilii
1154 2164 1218 2194 Ro-

89 2228 189 2266 mani,
215 2240 300 2258 anno
327 2228 401 2261 496.
428 2230 488 2260 snb
512 2229 650 2260 Gelasio
669 2230 759 2273 Papa
784 2228 888 2261 habiti
914 2229 1098 2262 decretum,
1121 2235 1223 2265 super

93 2289 252 2332 Origene,
277 2287 448 2333 ipsiusque
474 2290 784 2331 lucubrationibus,
817 2290 909 2334 quod
941 2297 990 2321 est
1012 2284 1220 2331 hujusmodi:
