1422 2472
380 75 566 110 Apozoom
589 88 658 112 rm)
683 80 861 116 Omma.
1123 87 1190 124 353

67 163 247 202 ποιμανεῖ
271 160 335 196 τὸν
360 162 452 200 λαόν
487 179 561 212 μου
592 168 656 203 τὸν
690 169 867 217 ‘scomma
922 176 995 209 Καὶ
1025 175 1184 223 ἑβδομή-

64 230 174 253 κοντα
189 221 219 264 ¹)
244 221 444 269 ἕβδομάδες
466 228 729 275 ἐπληρώθησαν
753 233 818 272 ἕως
840 238 999 281 Χριστοῦ
1023 236 1180 284 ἡγουμέ-

63 292 129 314 νου
159 282 250 317 zani
279 284 344 320 τὸν
373 288 525 332 Δανιήλ.
567 285 681 328 ‘lune‘
710 307 744 329 τε
777 296 868 330 κατὰ
902 297 964 332 τὸν
992 297 1068 343 Ἰώβ
1099 299 1117 335 ὁ
1142 301 1182 336 τὸ

60 344 156 386 μέγα
186 346 337 391 κῆποςῖ)
363 351 648 398 χειρωσάμενος,
684 358 745 389 καὶ
777 357 944 398 δεδωκώς
967 361 1180 407 ἐξουσίανῧ)

60 407 133 442 τοῖς
155 411 315 449 γνησίοις
339 410 448 446 αὐτοῦ
471 419 650 457 μαθηταῖς
667 422 794 452 πατεῖν
813 418 936 455 ἐπάνω
960 419 1094 467 ὄφεων,
1119 429 1180 458 καὶ

58 471 254 511 σκορπίων,
280 474 340 504 καὶ
365 472 426 506 ἐπὶ
449 477 575 509 πᾶσαν
598 476 662 520 τὴν
680 477 840 524 δύναμιν
856 483 917 515 τοῦ
941 483 1086 529 ἐχθροῦ,
1114 485 1179 520 οὐ-

56 527 120 560 δὲν
145 526 203 562 ὑπ’
230 529 348 565 αὐτῶν
374 534 636 582 ἀδικουμένοις.

142 590 417 628 PAMPHILUS.
465 598 556 631 Haec
586 610 636 633 est
666 601 708 633 de
737 603 875 636 summis
908 605 1023 645 rebus,
1056 605 1091 638 id
1116 617 1177 647 est,

54 649 94 680 de
118 660 227 684 sancta
253 653 433 697 Trinitate,
465 659 618 702 Origenis
642 662 740 702 fides,
773 677 871 708 quam
905 678 942 698 ex
966 667 1174 710 paucissimis

53 712 252 746 testimoniis
283 716 324 748 de
338 717 370 764 ⁴)
404 722 656 765 quampluribus
688 723 758 766 ejus
792 726 1018 774 voluminibus
1048 742 1173 762 assum-

48 771 114 815 ptis
139 774 344 811 edocuimus.
393 780 436 813 Et
461 782 541 826 quid
572 793 638 816 tam
668 795 816 826 rectum,
850 787 930 831 quid
955 797 1021 821 tam
1046 803 1172 832 verum,

50 833 129 877 quid
153 845 220 868 tam
235 837 456 881 Catholieum,
481 844 560 888 quid
580 855 667 877 certe
685 847 727 878 ad
746 847 1000 882 instructionem
1019 852 1170 885 omnium

47 896 150 938 magis
174 897 274 939 utile,
308 902 359 933 vel
392 905 482 948 apud
511 905 590 938 istos
624 917 712 940 certe
737 909 847 953 ipsos,
871 910 929 955 qui
955 911 1087 945 inimica
1112 915 1170 947 ad-

46 970 156 990 versus
182 973 256 992 eum
282 972 394 996 mente
418 966 629 1008 desaeviunt,
657 970 736 1013 quid
762 981 828 1004 tam
852 972 1170 1016 irreprehensibile?

134 1020 177 1052 Et
202 1021 337 1065 quidem
364 1024 396 1056 in
420 1040 547 1061 summa
571 1029 651 1062 haec
675 1031 826 1074 posuisse
851 1033 893 1065 de
918 1034 996 1066 fidei
1013 1035 1082 1080 ejus
1107 1038 1167 1070 do-

45 1090 201 1114 cumento
226 1095 262 1115 ac
288 1085 487 1127 probatione
511 1090 691 1131 sufficeret,
714 1093 775 1124 nisi
800 1093 898 1126 etiam
923 1096 965 1127 ad
979 1097 1012 1141 ⁵)
1036 1098 1166 1142 reliqua

44 1141 102 1180 his,
128 1142 184 1186 qui
210 1156 285 1176 eum
311 1146 536 1189 criminantur,
559 1153 764 1196 respondere
788 1156 1009 1189 necessarium
1035 1159 1164 1192 videre-

41 1211 103 1234 tur.
151 1204 345 1238 Inlue-‘imur
375 1217 483 1242 tamen
516 1225 599 1255 quae
632 1213 698 1246 sint
729 1215 810 1248 istae
841 1216 932 1262 ipsae
957 1219 1164 1254 criminatio-

39 1276 109 1304 nes,
133 1278 216 1309 quae
240 1280 258 1299 a
283 1268 456 1303 malevolis
482 1272 706 1309 intenduntur.

126 1326 239 1361 Prima
269 1328 326 1362 illa
359 1340 425 1372 est,
463 1334 600 1379 quodfi)
632 1336 725 1382 ajunt
761 1351 836 1371 eum
867 1341 1015 1375 innatum
1048 1342 1160 1377 dicere

36 1386 163 1420 Filium
187 1389 263 1423 Dei.

123 1451 287 1492 Secunda,
313 1455 403 1497 quod
429 1455 542 1489 dicunt
558 1459 589 1502 ⁷)
614 1473 675 1504 per
698 1463 942 1506 prolationem,
974 1467 1157 1500 secundum

36 1510 203 1544 Valentini
227 1513 373 1555 fabulas,
404 1516 436 1548 in
461 1518 705 1554 subsistentiam
719 1523 752 1567 ¹⁵)
785 1525 909 1557 venisse
940 1526 1066 1560 Filium
1091 1529 1156 1561 Dei

34 1571 156 1606 dicere.

126 1674 159 1717 ¹)
184 1675 252 1711 Cfr.
281 1677 367 1709 Dan.
395 1679 453 1718 ΙΧ,
477 1679 531 1714 21.
628 1684 662 1727 ²)
688 1684 757 1718 Csr.
781 1687 849 1719 Job
885 1687 940 1727 ΙΙΙ,
964 1687 995 1722 8.

122 1730 156 1773 ³)
183 1731 253 1766 Csr.
277 1733 357 1766 Luc.
381 1735 424 1774 X,
451 1737 502 1770 19.
862 1744 867 1750 ’

121 1787 155 1829 ⁴)
180 1788 237 1821 Sic
263 1802 378 1822 omnes
403 1792 482 1826 Mss.
528 1794 621 1827 Editi
654 1810 731 1829 vero
763 1799 810 1841 (ν.
837 1813 863 1832 c.
889 1801 964 1834 edd.
990 1802 1054 1847 M.)
1088 1804 1148 1836 »de

32 1832 261 1875 compluribus
285 1834 354 1880 ejus
381 1837 607 1872 voluminibus
631 1852 827 1875 assumtam«
856 1854 920 1878 ete.
953 1846 991 1879 R.

122 1887 153 1931 ⁵)
180 1888 271 1922 Editi
296 1894 343 1934 (ν.
369 1906 396 1925 c.
421 1894 496 1927 edd.
524 1896 585 1940 Μ.)
614 1898 674 1929 »ad
699 1899 836 1944 reliqua,
861 1914 1023 1944 quonum«
1051 1904 1147 1948 (Mss.

27 1930 246 1973 Sorbonicus,
271 1944 303 1966 et
319 1937 353 1969 S.
371 1938 563 1973 Michaelis:
590 1943 651 1974 »ad
668 1944 797 1989 reliqua
815 1948 937 1990 quae«)
965 1961 1060 1980 »eum
1085 1949 1148 1982 cri-

26 1975 225 2010 minantum«
252 1979 387 2014 Rectius
414 1985 514 2017 ceteri
540 1986 618 2019 Mss.
642 1997 679 2019 ut
703 1989 735 2021 in
762 1999 862 2023 textu.
889 1991 928 2023 R.

115 2034 149 2076 ε)
175 2034 232 2067 Sic
251 2048 365 2068 omnes
383 2037 461 2072 Mss.
497 2041 589 2074 Editi
615 2056 693 2075 vero
722 2049 768 2087 (v.
795 2060 823 2079 c.
851 2047 915 2079 odd
941 2048 1005 2092 M.)
1031 2050 1146 2094 „quod

26 2076 162 2124 dicunt¹‘
187 2089 250 2113 etc.
277 2082 316 2113 R.

116 2132 150 2176 ⁷)
175 2135 230 2167 Sic
256 2149 369 2170 omnes
394 2139 472 2172 Mss.
518 2141 610 2176 Editi
642 2158 720 2177 vero
754 2148 799 2191 (v.
825 2161 851 2180 e.
878 2149 953 2181 edd.
979 2150 1044 2195 M.)
1071 2151 1144 2191 „di-

24 2186 102 2210 cunt
127 2191 202 2211 eum
229 2187 311 2224 per“
338 2192 398 2215 etc.
424 2184 462 2217 R.

115 2235 149 2279 ⁸)
175 2236 230 2269 Sic
256 2250 371 2271 omnes
396 2240 474 2274 Mss.
510 2241 600 2276 Editi
626 2259 704 2278 vero
731 2250 776 2291 (v.
803 2264 827 2282 c.
855 2252 929 2285 edd.
956 2252 1020 2297 M.)
1046 2255 1143 2293 „sub-

23 2278 210 2313 stantiam.⁴‘
237 2282 277 2315 R.

67 2334 240 2372 Omctzms
267 2339 392 2375 Omms
417 2341 510 2376 ΤοΜ.
535 2344 657 2379 XXIV.
904 2354 946 2387 :23
