1422 2472
375 110 691 143 Omcmmxonnm
721 108 834 142 Lmen
861 109 906 143 ΙΙ.
1158 108 1203 143 53

59 214 121 245 per
145 200 258 233 literas
281 209 446 239 acturum,
471 199 503 231 iu
528 199 659 242 templo
684 198 838 238 interim,
871 199 925 232 cui
956 211 1083 231 nomen
1110 199 1197 231 Ana-

58 261 161 302 stasis,
186 261 300 294 sedem
324 274 363 294 ac
387 260 596 293 mansionem
622 261 733 302 ligant.
782 261 972 294 Paruerunt
996 260 1059 299 illi,
1084 269 1117 292 ct
1145 259 1193 290 vi·

58 332 109 355 tae
133 323 318 356 necessaria
343 322 466 368 partim
498 322 644 366 propriis
678 322 743 366 ipsi
767 324 938 363 manibus,
963 332 999 355 ut
1023 335 1098 354 mos
1123 331 1194 354 erat

56 385 321 426 monachorum,
358 384 480 430 partim
509 383 743 425 religiosarum
775 385 956 418 mulierum
990 383 1192 418 liberalitate

56 456 308 492 compararunt,
331 459 368 478 ac
394 445 609 492 Olympiadis
634 447 867 490 potissimum,
900 460 985 492 quac
1015 455 1094 491 post
1118 444 1192 477 obi-

58 519 128 541 tum
153 508 307 542 Nebridii
332 507 482 553 conjugis
505 517 614 539 creata
646 508 808 541 ecclesiae
840 506 1191 552 Constantinopolita-

55 583 116 603 nae
142 570 339 609 diaconissa,
363 567 558 614 peregrinos
584 569 732 614 hospitio
762 570 934 614 excipere,
966 578 1000 602 ct
1024 568 1191 601 facultati-

55 634 118 665 bus
154 631 221 664 suis
259 632 376 664 fovere
414 631 556 663 solebat.
616 630 833 664 publicarum
869 632 920 664 his
955 630 1189 676 precationum

56 692 330 726 communionem
357 692 521 725 concessit
542 691 813 737 Chrysostomus,
837 694 878 726 ad
903 702 1190 726 sacramentorum

53 768 150 788 usum
174 768 243 787 non
268 755 414 795 admisit,
437 755 590 787 nondum
617 754 750 796 cognita
775 754 928 799 ipsorum
956 767 1086 795 caussa3
1112 766 1188 785 cum

52 817 248 862 praesertim
274 816 426 850 Clericos
451 816 615 861 quosdam
641 828 658 848 a
689 816 885 861 Theophilo
917 816 983 862 jam
1014 825 1090 849 ante
1115 815 1189 848 aliis

53 879 95 911 de
115 880 215 912 rebus
232 877 556 921 Constantinopolin
571 877 688 910 missos
705 878 898 911 accersisset
913 877 1073 918 Joannes,
1096 877 1189 922 iique

53 954 154 985 super
176 942 276 974 rebus
300 940 546 973 monachorum
579 939 778 982 interrogati
809 954 964 983 magnam
994 941 1073 973 illos
1103 938 1190 984 inju-

52 1002 135 1035 riam
159 1002 355 1036 sustinuisse
380 1001 518 1047 quidem
543 1001 720 1042 dixissent,
751 1003 810 1035 sed
844 1004 886 1035 ad
912 1001 1189 1036 commonionem

54 1074 165 1097 tamen
190 1064 388 1109 neutiquam
412 1076 471 1096 eos
494 1063 626 1095 admitti
654 1065 901 1108 postulassent,
924 1078 966 1097 ne
992 1063 1188 1107 Theophilo

53 1140 106 1158 res
130 1139 168 1159 ea
193 1127 282 1158 soret
306 1124 500 1157 offensioni.
548 1124 675 1157 Scribit
704 1126 745 1157 ad
775 1126 1008 1170 Theophilum
1041 1126 1187 1171 Chryso-

54 1197 194 1226 stomus,
217 1196 380 1231 rogatque
403 1195 442 1218 ut
465 1187 638 1218 restitutos
673 1186 879 1227 Origenistas
911 1187 945 1219 in
976 1186 1189 1219 communio-

54 1262 131 1281 nem
155 1248 326 1281 admittat:
357 1248 408 1281 sin
439 1247 567 1293 judicio
601 1249 806 1280 contendere
837 1248 951 1290 malit,
982 1248 1188 1281 necessarios

55 1310 176 1350 mittat,
200 1309 259 1354 qui
276 1322 328 1342 res
346 1309 450 1354 ipsius
467 1319 662 1354 procurent.
703 1312 780 1343 Nou
797 1310 970 1355 rescripsit
986 1310 1058 1351 illc,
1084 1322 1186 1354 quos-

57 1372 133 1403 dam
158 1383 176 1403 e
200 1371 268 1404 suis
292 1371 374 1404 illuc
398 1371 555 1413 allegasse
581 1381 770 1412 contentus,
795 1372 933 1404 libellos
960 1381 1018 1404 »ut
1036 1371 1188 1416 porrige-

53 1442 127 1465 rent
150 1434 354 1473 admonens,
380 1432 491 1478 inquit
514 1434 704 1474 Palladius,
741 1447 826 1479 quos
858 1447 954 1466 more
977 1433 1082 1466 solito
1107 1432 1188 1478 ipsis

54 1494 255 1536 dictaverat,
297 1506 452 1540 apertum
489 1496 626 1540 quidem
666 1505 700 1528 et
739 1509 932 1541 expressum
971 1495 1187 1528 mendacium

56 1557 276 1599 continentes,
301 1557 400 1590 variis
425 1557 599 1589 calumniis
625 1567 783 1602 opertum
809 1567 842 1590 et
867 1559 1126 1590 obumbratum:
1152 1566 1184 1589 et

55 1631 132 1651 cum
160 1631 231 1651 non
260 1628 376 1663 posset
405 1618 546 1651 illorum
580 1618 666 1651 vitae
698 1620 879 1661 derogare,
913 1620 995 1653 facit
1028 1629 1067 1652 ut
1100 1619 1188 1652 intra

54 1680 220 1713 Palatium
245 1680 338 1725 quasi
362 1681 448 1723 magi
472 1690 699 1713 nott-uentura*
745 1681 870 1714 subdit
889 1683 1111 1726 postmodum
1130 1682 1188 1714 ad-

55 1752 222 1775 vertentes
252 1742 458 1784 Origenistas
489 1742 574 1775 nihil
608 1756 643 1775 se
676 1743 880 1787 profecisse,
909 1745 1092 1789 plerosque
1127 1745 1186 1777 »in

55 1804 272 1847 dignitatibus
286 1804 488 1837 constitutos
511 1804 688 1837 adduxisse
712 1817 837 1844 secum,
863 1819 980 1838 omnes
996 1807 1187 1839 anathema-

55 1867 172 1900 tizasse
196 1866 379 1900 haeresim«
428 1866 518 1899 Tum
549 1866 671 1898 deinde
704 1866 864 1900 collectas
888 1868 1046 1900 adversus
1070 1868 1185 1902 Theo-

55 1928 138 1972 phili
170 1928 379 1974 tyrannidem
414 1927 662 1968 accusationes,
700 1937 732 1961 et
764 1929 797 1961 in
830 1929 987 1962 libellum
1019 1929 1187 1975 conjectas

55 1991 179 2023 Joanni
204 1991 325 2023 frustra
348 1990 426 2023 illos
451 1992 492 2023 ab
516 1991 654 2035 incepto
678 1991 851 2024 revocanti
878 1993 1022 2025 tradunt.
1065 1993 1185 2025 Monet

57 2052 115 2084 ille
139 2052 370 2097 Theophilum
399 2053 561 2085 conflatae
587 2053 764 2085 adversum
790 2066 824 2086 st·
850 2054 1081 2087 accusationis.
1121 2055 1187 2087 Re-

57 2113 172 2145 scribit
202 2113 412 2158 Theophilus
446 2115 586 2147 vetitum
619 2127 688 2147 esse
714 2115 869 2148 Nicaenis
895 2116 1107 2154 canonibus,
1146 2128 1187 2147 ne

60 2174 132 2218 quis
157 2174 335 2219 episcopus
359 2177 401 2208 de
426 2190 461 2208 re
489 2186 578 2209 extra
601 2177 767 2210 ditionem
791 2191 884 2211 suam
910 2178 1020 2222 posita
1045 2176 1188 2222 judicet:

58 2250 104 2275 se,
129 2236 155 2268 si
181 2235 213 2267 in
239 2235 289 2280 jus
314 2239 485 2270 vocandus
509 2238 561 2277 sit,
586 2240 627 2270 ab
653 2240 825 2284 Aegyptiis
850 2239 1020 2284 episcopis
1044 2252 1113 2271 esse
1138 2236 1187 2283 ju-

61 2298 252 2331 dicandum.
304 2298 356 2330 Ad
380 2299 462 2331 hacc
487 2302 751 2343 permovebatur
780 2302 871 2334 salsis
903 2301 1112 2343 rumoribus;
1141 2314 1191 2334 sa—
