1413 2482
191 80 236 115 :30
523 80 636 113 Pssrm
660 80 833 113 DAmnus
858 79 990 112 Ηυετιι

190 168 282 201 iliius
305 168 428 214 scripta
459 169 662 206 damnarem«
712 169 795 202 inde
827 177 860 201 et
889 168 1089 210 Vigitnnfius
1126 169 1234 214 ipsum
1274 169 1320 202 sic

189 238 345 274 tanquam
372 230 596 271 origenistam
622 231 825 270 incessebat;
850 242 949 275 qnam
975 240 1085 264 tamen
1115 231 1321 264 criminatio·

186 304 264 323 nem
291 291 464 335 depellere
488 302 629 325 conatur
657 292 752 336 epist.
771 292 826 326 75.
875 292 955 324 Inde
987 301 1020 325 et
1046 293 1246 335 Augustinus
1270 292 1320 325 in·

187 354 408 385 constantiam
434 363 467 385 et
491 354 715 386 mobilitatem
740 353 862 395 ingenii
894 354 1109 399 Hieronymo
1135 354 1318 397 Origenem

185 415 248 447 sibi
282 414 364 447 olim
395 428 572 459 percarum
605 415 668 459 jam
700 415 873 448 infamanti
905 416 1114 449 subobscure
1139 417 1318 460 exprobrat

185 477 281 521 epist.
304 476 336 510 8.
386 476 556 509 »Petimus
581 490 671 519 ergo,
697 476 814 521 inquit,
839 486 873 509 et
897 476 1072 509 nobiscum
1099 478 1183 522 petit
1208 477 1316 510 omnis

183 539 417 572 Africanarum
442 538 660 571 ecelesiarum
680 537 831 571 studiosa
855 538 1007 578 societas,
1031 549 1069 572 ut
1092 539 1126 571 in
1152 539 1317 584 interpre-

183 600 290 633 tandis
315 613 433 632 eorum
460 599 570 639 libris,
601 600 658 645 qui
683 600 812 633 Graece
837 599 1027 644 Scripturas
1061 610 1191 633 nostras
1215 614 1314 645 quam

183 662 312 707 optime
336 670 572 700 tractaverunt,
597 674 710 693 curam
735 670 836 705 atque
863 674 1000 705 operam
1025 661 1222 706 impendere
1246 675 1314 695 non

180 724 342 766 graveris:
374 733 471 768 potes
504 724 593 754 enim
627 722 782 762 efficere,
811 732 849 755 ut
878 736 940 755 nos
973 735 1108 768 quoque
1133 724 1314 756 habeamus

179 787 258 819 itlos
282 787 364 818 tales
389 785 497 825 viros,
529 793 562 816 et
587 798 690 816 unum
715 784 942 829 potissimum,
969 797 1069 829 quem
1094 794 1129 817 tu
1155 784 1312 817 libentius

179 849 212 882 in
236 848 302 881 tuis
328 847 433 880 literis
458 859 603 878 sonan«
632 845 814 887 origenem
840 847 1018 887 nimirum,
1043 847 1136 892 cujus
1160 860 1312 889 magnam

178 921 248 943 tum
275 923 411 955 quoque
437 909 538 940 fuisse
564 908 596 940 iu
622 907 735 940 Africa
768 909 997 942 celebritatem
1033 922 1070 941 ex
1104 921 1145 941 eo
1171 909 1311 941 manife-

175 983 264 1006 stum
291 981 349 1004 est.
398 971 479 1003 lude
515 979 547 1002 et
577 968 732 1011 Pelagius
764 970 853 1014 Papa
880 970 920 1003 ll.
952 970 985 1002 in
1011 969 1107 1014 epist.
1133 971 1174 1002 ad
1198 970 1310 1004 Etiam

176 1033 441 1079 Aquileiensem,
467 1041 499 1064 et
522 1031 607 1064 alios
635 1031 751 1063 Istriae
777 1032 973 1076 episcopos:
1002 1034 1164 1072 »Annum
1188 1033 1308 1077 inquit,

176 1107 207 1129 et
234 1097 461 1140 Hieronymus
491 1103 625 1125 nostrae
656 1093 816 1125 ecclesiae
854 1094 1044 1137 presbyter,
1077 1102 1110 1125 et
1133 1093 1308 1136 singularis

174 1157 320 1192 Hebraei
347 1155 510 1188 sermonis
536 1154 719 1199 interpres,
756 1164 850 1186 tanto
883 1167 957 1197 erga
984 1154 1166 1197 Origeuem
1191 1158 1307 1189 favore

173 1221 369 1259 intenditur,
393 1228 430 1250 ut
455 1230 561 1262 paene
588 1216 774 1260 discipulus
801 1215 871 1261 ejus
897 1229 967 1248 esse
993 1216 1194 1251 videatur?«
1223 1219 1306 1252 lude

172 1284 319 1327 denique
344 1283 405 1314 suh
430 1279 630 1325 Hieronymi
661 1278 800 1310 nomine
837 1277 980 1309 conficta
1012 1287 1061 1310 est
1086 1279 1246 1323 epistola,
1270 1281 1304 1313 in

171 1358 234 1390 qua
260 1358 294 1376 se
321 1343 459 1384 Origeni
485 1341 665 1385 aliquando
691 1339 878 1371 adhaesisse
905 1339 1009 1371 dolet.

261 1404 426 1448 Quamvis
450 1413 561 1435 autem
588 1401 649 1433 viri
676 1401 723 1445 pii
749 1410 781 1433 et
812 1400 995 1433 orthodoxi
1027 1401 1142 1434 officio
1168 1404 1303 1437 functus

169 1469 222 1508 sit,
247 1481 322 1500 cum
348 1465 477 1508 agnitos
502 1463 707 1505 Origenismi
733 1475 864 1494 errores
890 1462 1047 1507 ejuravit;
1079 1466 1229 1507 optabile
1254 1475 1302 1499 ta-

167 1544 243 1563 men
270 1531 377 1568 soret,
407 1538 443 1560 ut
475 1528 698 1559 sanctissimus
728 1525 785 1557 ille
819 1525 941 1556 doctm-
969 1527 1176 1559 constantior
1199 1527 1302 1560 animi

166 1593 284 1625 suisset
308 1600 340 1622 et
364 1590 591 1629 moderatior,
629 1602 738 1633 neque
772 1597 839 1619 tam
871 1587 969 1619 facite
994 1588 1055 1620 hili
1079 1601 1157 1621 suae
1183 1589 1300 1622 suisset

165 1654 398 1694 morigeratus,
423 1661 458 1683 ut
486 1652 517 1683 in
545 1651 720 1690 contraria,
747 1662 809 1693 pro
834 1662 947 1680 rerum
973 1662 1010 1680 ac
1031 1659 1223 1695 temporum
1248 1665 1300 1684 ra-

164 1717 268 1755 tione,
293 1715 377 1747 trahi
399 1727 433 1745 se
460 1723 493 1746 et
514 1712 627 1758 jactari
652 1712 792 1750 sivisset,
817 1724 884 1743 non
909 1724 1079 1755 nunquam
1105 1712 1204 1744 ctiam
1229 1726 1300 1745 ma-

162 1778 270 1811 ximos
303 1777 392 1808 viros
427 1774 640 1808 amarissimis
673 1772 829 1805 convitiis
868 1773 1087 1817 perfudisset:
1122 1774 1296 1807 fatendum

162 1840 289 1885 quippe
315 1848 374 1876 cst,
399 1837 471 1882 iure
497 1850 573 1868 eum
599 1849 698 1879 saepe
723 1848 740 1867 a
767 1834 888 1867 Rufino
914 1834 1014 1866 fuisse
1038 1836 1297 1879 reprehensum3

159 1915 258 1946 saepe
284 1901 383 1932 etiam
410 1901 568 1931 Rufinum
595 1899 635 1929 ab
662 1898 782 1929 eodem
807 1896 877 1928 siue
913 1908 1024 1928 caussa
1057 1896 1156 1929 fuisse
1182 1898 1297 1941 culpa-

160 1974 242 1996 tnm.
290 1963 382 1995 Haec
409 1974 512 2005 porro
540 1973 615 1991 rum
642 1968 835 2000 agerentur,
867 1971 969 1989 annus
996 1957 1116 1990 Christi
1142 1959 1294 1992 traheba-

158 2035 213 2058 tur
236 2024 490 2058 trecentesimus
515 2022 749 2062 nonagesimus
775 2033 893 2052 nonus.

247 2086 374 2119 XVlll.
416 2085 496 2127 Quo
524 2093 678 2126 tempore
701 2081 997 2126 Hieronymizmatn
1020 2080 1185 2113 librorum
1209 2084 1293 2126 περὶ

158 2149 281 2194 ἀρχῶν
310 2145 623 2190 interpretationem
664 2144 896 2176 Pammachius
931 2143 1141 2184 continebat;
1174 2157 1289 2177 verum

156 2212 196 2242 ab
222 2210 330 2243 amico
357 2209 459 2253 ipsius
485 2207 631 2252 quodam
661 2206 775 2237 frande·
795 2205 961 2248 ‹lvsrripta
987 2205 1018 2236 in
1039 2205 1153 2246 vulgus
1173 2205 1289 2238 emissa

156 2282 213 2304 est.
264 2271 553 2316 lutet-pretationis
579 2279 689 2301 autem
716 2280 791 2297 suae
818 2266 993 2310 perfidiam
1027 2280 1063 2297 rx
1089 2266 1185 2312 hujus
1210 2280 1289 2299 con-
