1413 2482
188 73 233 112 64
523 73 636 106 Pte-rm
661 72 836 106 Dimittis
861 72 993 108 Hue'rn

189 165 427 198 caussabantnr
449 161 616 207 episcopi,
642 164 736 207 quod
760 162 926 196 mandatis
951 163 1019 196 suis
1043 164 1169 198 accitus
1191 163 1330 197 audien-

187 236 256 259 tem
279 240 314 259 se
339 239 407 259 non
431 225 651 269 praebuisset.
699 225 768 257 Per
793 238 942 258 caussam
967 238 1048 258 vero
1074 226 1124 259 rei
1149 236 1262 268 gestae
1285 227 1327 259 ad

186 289 430 334 imperatorem
454 287 670 327 referendae,
708 287 817 320 laesae
848 300 986 332 quoque
1017 287 1198 333 majestatis
1225 288 1330 334 Clu-y-

189 360 378 383 sostonmm
403 348 494 393 apud
518 347 630 392 ipsum
655 358 825 389 accusant,
850 349 980 394 quippe
1003 350 1066 382 sub
1090 350 1270 383 Jezabclae
1296 359 1329 382 ct

187 411 393 445 llerodiadis
417 409 614 443 nominibus
638 410 775 455 publice
806 412 896 455 apud
922 411 1092 456 populum
1116 412 1328 456 perstrictam

187 476 228 507 ab
255 487 295 506 eo
322 473 424 506 suisse
449 472 651 506 Eudoxi-nn.
700 473 827 505 Verum
854 473 1002 506 Arcadio
1028 473 1107 506 satis
1131 474 1197 506 suit
1223 473 1327 507 Joan-

187 550 265 568 nem
291 534 432 568 ecclesia
457 534 647 579 depulisse,
677 534 778 567 misso
805 535 847 567 ad
871 535 906 568 id
932 535 1068 569 Comite
1094 546 1127 569 et
1151 536 1328 569 militibus.

187 598 431 631 Tumultuante
457 596 579 628 deinde
596 596 743 641 populo,
768 606 801 629 ct
821 597 1054 643 Clu-ysostomi
1078 598 1328 632 restitutionem

186 660 346 693 seditiose
377 659 591 703 postulante,
624 658 800 700 ingruente
833 668 1008 704 praeterea
1040 661 1100 693 sub
1135 661 1242 706 ipsam
1267 673 1328 692 no-

187 733 286 763 ctem,
312 734 396 767 quae
421 720 527 766 ipsius
552 720 678 753 exitum
702 721 879 766 proximae
911 732 1092 755 consecuta
1117 732 1186 764 cst,
1216 731 1327 755 terrae

185 795 296 825 motu,
319 785 365 817 ita
389 783 631 828 perterrefacta
657 792 707 816 est
730 783 898 824 Eudoxia,
922 793 960 821 ut
984 797 1062 817 eum
1079 785 1121 818 ab
1139 785 1258 817 exsilio
1275 797 1328 816 re-

186 846 302 880 vocari
327 845 491 879 continuo
517 845 696 882 curaverit,
744 847 791 878 At
822 846 1138 880 recrudescentibus
1163 855 1326 892 sequente

185 923 273 942 anuo
297 908 529 941 simultatibus
554 917 588 940 ct
610 907 828 948 factionibus,
852 908 994 954 injuriae
1020 909 1192 951 concedit,
1216 918 1251 942 et
1266 908 1326 942 Ni-

186 985 284 1005 caeae
315 970 558 1015 aliquantisper
587 979 758 1010 moratus,
798 971 990 1012 Cucusum,
1028 984 1115 1017 quae
1145 971 1326 1004 Armeniae

183 1035 264 1068 urbs
289 1043 349 1075 est,
374 1033 441 1072 vel,
465 1042 503 1065 ut
526 1041 668 1065 testatur
691 1032 764 1077 ipsc
789 1032 1070 1079 chrysostomus,
1105 1032 1266 1074 Ciliciae,
1290 1033 1324 1066 in

185 1097 340 1130 exsilium
364 1094 531 1128 mittitur:
556 1095 690 1128 Cucuso
716 1095 912 1127 Arabissum
935 1105 967 1128 et
981 1095 1178 1142 Pityuntem
1194 1095 1325 1138 migrat.

184 1159 364 1193 Suslicitur
385 1156 451 1202 ipsi
476 1156 632 1189 Arsacius
656 1157 835 1201 presbyter
846 1157 1007 1197 Nectarii,
1033 1156 1325 1202 Constantinopo-

183 1221 281 1255 litani
313 1220 398 1253 olim
428 1218 593 1264 praesulis
624 1219 747 1258 frater,
780 1220 919 1252 Arsacio
944 1221 1089 1254 AtticuS.
1146 1219 1248 1252 Pium
1273 1219 1326 1252 in-

182 1285 283 1318 terim
309 1283 456 1316 exsulem
482 1280 622 1312 mitibus
647 1281 800 1325 epistolis
819 1282 958 1324 {solatur
981 1281 1199 1314 lnnoccntius
1219 1281 1323 1326 Papa,

183 1346 259 1391 (qui
283 1358 397 1378 rerum
422 1352 590 1385 gestarum
614 1356 676 1386 per
700 1343 805 1387 ipsius
829 1343 943 1375 literas
968 1342 1095 1375 certior
1118 1344 1226 1376 {hctus
1249 1345 1323 1376 fue-

182 1409 262 1453 rat,)
296 1416 329 1439 et
363 1404 605 1438 communione
639 1417 698 1436 sua
729 1404 943 1449 impertitur3
981 1404 1176 1448 improbato
1209 1405 1324 1438 Theo·

180 1469 267 1516 phili
293 1470 397 1508 facto,
422 1480 523 1512 quem
550 1475 583 1499 et
607 1466 894 1504 consentientibus
918 1467 990 1499 sere
1005 1465 1166 1517 Europae
1190 1467 1324 1512 episco-

180 1533 233 1577 pis
257 1545 276 1564 a
301 1528 544 1564 communione
567 1541 626 1561 sua
651 1528 774 1561 deinde
798 1528 1000 1571 segregavit;
1027 1538 1065 1561 ut
1081 1537 1175 1573 patet
1192 1542 1232 1562 ex
1249 1529 1323 1574 epi·

181 1596 268 1627 stola
305 1594 450 1638 quadam
490 1590 682 1623 innocentii
718 1591 760 1623 ad
792 1591 996 1630 Arcadium,
1033 1603 1134 1635 quam
1165 1591 1322 1624 exhibent

181 1655 351 1698 Georgius
374 1653 622 1687 Alexandrinus
655 1653 690 1685 in
723 1653 789 1686 vita
816 1653 1067 1700 Clirysostomi,
1099 1667 1170 1698 cap.
1196 1653 1263 1695 68„
1288 1664 1321 1687 et

179 1730 366 1762 anonymus
391 1716 478 1748 vitae
503 1716 656 1760 ejusdem
687 1715 854 1760 scriptor,
885 1728 957 1760 cap.
984 1714 1075 1755 130.,
1108 1729 1260 1760 quaeque
1284 1715 1319 1748 in

179 1780 298 1812 Tomis
324 1778 559 1811 Conciliorum
585 1787 709 1810 exstat:
744 1788 776 1810 et
808 1778 945 1810 stitisset
970 1787 1060 1810 certe
1086 1776 1318 1811 vadimonium

178 1855 292 1874 coram
315 1840 498 1873 universali
523 1841 667 1886 synodo,
691 1853 790 1885 quam
817 1852 937 1882 eogere
962 1838 1190 1872 meditabatur
1216 1842 1317 1872 Arca-

178 1904 270 1944 dius,
301 1902 365 1935 nisi
390 1902 628 1934 Innocentium
658 1902 797 1946 Papam,
823 1902 1020 1934 conflandae
1046 1900 1117 1947 ejus
1141 1910 1316 1934 auctorem

176 1979 268 1998 mors
313 1973 521 2008 occupasset.
577 1964 731 1996 Tandem
766 1963 857 1996 varie
896 1962 1037 2008 jactatus
1075 1964 1245 2003 Joanncs,
1284 1974 1317 1997 et
1338 1952 1351 1968 '¹

176 2040 306 2060 summa
338 2026 581 2058 inhumanitate
614 2026 655 2057 ab
687 2025 832 2058 inimicis
865 2025 998 2058 habitus
1033 2026 1192 2059 Comanis
1228 2027 1316 2060 obiit

175 2103 262 2122 anno
288 2088 364 2123 400‘.

265 2151 344 2184 XX.
392 2150 463 2182 Nec
490 2150 532 2182 ita
559 2159 670 2181 tamen
696 2149 882 2194 Theophili
906 2149 974 2182 irae
1001 2150 1238 2194 conquierunt.
1285 2151 1315 2185 ls

174 2222 253 2258 post
277 2212 429 2257 priorem
455 2211 688 2257 Clu-postumi
714 2213 975 2253 restitutionem,
1001 2214 1034 2245 in
1061 2213 1191 2246 decima
1214 2214 1313 2246 tertia

175 2273 429 2320 pseudosynodi
461 2275 594 2307 actione
619 2273 839 2317 Heraclidae,
872 2289 972 2321 quem
1005 2275 1213 2320 Epliesinum
1238 2276 1310 2321 epi-
