1413 2482
175 78 242 116 132
495 79 609 113 Pit-rm
633 77 807 112 nameus
832 79 964 113 Hor-ru

178 170 418 216 quinquaginta
448 169 569 202 vidisse
602 182 636 202 se
667 179 831 202 asseverat
856 169 1064 204 Trithemius
1095 171 1128 204 in
1161 170 1237 204 libr.
1271 171 1312 203 de

175 232 290 278 script.
317 231 436 265 eccles.
484 232 617 264 Novem
650 230 818 264 Homilias
850 230 884 263 in
915 231 1067 266 Psalmos
1097 232 1150 269 36.
1182 232 1235 269 37.
1260 231 1314 268 38.

175 296 333 330 Romano
365 306 521 328 sermone
557 293 673 327 Rufini
712 307 815 339 opera
853 295 992 328 donatas
1023 295 1126 329 latina
1156 295 1316 339 Origenis

176 358 278 391 habet
297 356 414 391 editio.
462 357 516 390 De
542 357 757 390 psalmorum
782 357 922 390 illorum
948 357 1160 403 expositione
1183 359 1229 393 ita
1245 359 1317 392 Ru-

175 420 262 454 finus
288 420 322 455 in
346 419 516 463 Prologo:
550 419 704 454 »Idcirco
736 420 801 454 tibi
833 433 924 461 eam,
948 420 1163 466 Aproniane,
1187 421 1239 454 fili
1264 434 1317 455 ca·

175 484 320 526 rissime‚
344 484 382 517 in
404 496 529 518 novem
555 483 794 528 oratiunculas,
821 497 902 529 quas
924 483 1048 518 Graeci
1066 482 1234 518 Homilias
1258 497 1318 517 vo·

179 558 273 590 cant,
302 548 395 581 velut
427 547 461 581 in
493 561 563 581 uno
598 560 745 593 corpore
778 547 941 590 digestam
969 547 1003 581 in
1028 548 1187 581 Latinum
1212 557 1318 581 trans-

177 612 275 647 tuli.«
323 610 410 644 Eam
441 610 631 644 invnovem
662 610 829 644 Homilias
863 612 1026 653 digestam
1050 624 1084 644 se
1109 611 1317 645 transtulisse

179 675 276 716 dicit,
311 687 380 707 non
413 673 447 707 in
481 687 604 708 novem
639 674 808 712 Homilias
843 674 1036 717 digessisse;
1073 684 1188 708 contra
1220 687 1320 720 quam

177 738 391 784 Erasmo,¹)
430 747 463 771 et
493 737 589 772 Sixto
603 738 637 784 ²)
671 737 813 772 Senensi
844 738 953 771 visum
986 748 1045 773 est.
1093 738 1143 771 Ex
1167 736 1321 771 Humilia

176 811 352 848 praeterea
375 800 411 833 in
434 800 560 837 Psalm.
586 800 640 836 82.
677 801 902 844 fragmentum
933 801 1096 835 historiae
1127 814 1206 835 suae
1234 800 1322 834 inse-

176 865 246 898 ruit
268 862 436 897 Eusebius
463 863 539 897 libr.
566 864 624 897 VI.
652 878 725 910 cap.
749 864 816 905 38,
843 874 876 899 et
893 865 1082 899 Homiliam
1096 865 1131 899 in
1145 864 1319 898 Psalmum

179 926 400 961 centesimum
419 926 534 960 laudat
551 926 623 971 ipse
638 926 803 970 Origenes
818 928 948 962 Homil.
967 928 1018 962 15.
1040 928 1073 961 in
1090 929 1162 962 Jos.
1180 940 1273 961 num.
1288 926 1320 962 6.

176 990 338 1035 Denique
369 988 529 1022 brevibus
560 989 708 1023 Scholiis
738 990 943 1023 Psalterium
971 992 1075 1024 fuisse
1105 991 1146 1023 ab
1172 989 1321 1033 Origene

177 1062 376 1087 annotatum
406 1051 554 1084 affirmat
584 1051 832 1098 Hieronymus,
857 1052 926 1085 sive
953 1052 1104 1099 quisquis
1129 1061 1179 1086 est
1202 1061 1322 1086 auctor

178 1117 313 1151 Comm.
338 1114 372 1148 in
398 1114 521 1147 Psalm.
546 1113 580 1146 in
605 1113 766 1147 Prooem⁴
818 1115 1015 1156 »Proxime,
1039 1114 1218 1161 inquit,³)
1245 1128 1322 1149 cum

178 1177 335 1221 Origenis
359 1175 581 1218 psalterium,
619 1177 712 1223 quod
736 1177 959 1211 Enchiridion
984 1177 1043 1210 ille
1069 1178 1223 1220 vocabat,
1247 1179 1322 1212 stri-

180 1242 241 1276 ctis
272 1251 305 1274 et
334 1238 527 1273 necessariis
559 1239 897 1285 interpretationibus
928 1250 1126 1274 annotatum
1160 1240 1195 1274 in
1229 1253 1323 1274 com-

178 1317 281 1339 mune
306 1304 514 1346 legeremus,
545 1301 647 1335 simul
677 1312 822 1348 uterque
848 1303 1133 1348 deprehendimus
1156 1303 1322 1337 nonnulla

180 1380 257 1400 eum
283 1366 337 1398 vel
361 1363 593 1410 perstrinxisse
607 1364 739 1405 leviter,
763 1366 817 1398 vel
834 1365 958 1399 intacta
974 1365 1110 1411 penitus
1127 1366 1322 1411 reliquisse:

179 1431 223 1464 de
247 1428 369 1475 quibus
402 1427 435 1460 in
467 1427 536 1460 alio
573 1440 679 1472 opere
704 1427 864 1462 latissime
889 1429 1084 1474 disputavit,
1114 1429 1207 1475 quod
1232 1429 1324 1463 scili-

180 1501 235 1527 cet
257 1504 326 1525 non
350 1499 486 1535 putaret
509 1503 581 1523 rem
604 1498 757 1533 magnam
783 1491 878 1524 brevi
899 1505 1056 1525 sermone
1082 1490 1322 1525 concludere.«

180 1557 226 1589 Et
249 1554 389 1587 deinde:
419 1553 517 1586 »Non
541 1554 633 1598 quod
658 1563 777 1598 putem
802 1567 819 1587 a
843 1567 897 1587 me
923 1567 1022 1600 posse
1047 1554 1126 1595 dici,
1151 1567 1237 1599 quae
1263 1554 1323 1587 ille

180 1616 373 1664 praeteriit3
397 1616 456 1648 sed
482 1617 576 1661 quod
601 1629 649 1657 ea,
674 1612 820 1662 quae‘in
845 1616 963 1650 Tomis
989 1618 1043 1650 vel
1066 1616 1230 1650 Homiliis
1250 1616 1323 1662 ipse

181 1677 355 1718 disseruit,
386 1678 439 1710 vel
474 1690 536 1720 ego
570 1669 669 1721 digna
693 1678 840 1712 arbitror
864 1680 1023 1720 lectione,
1048 1679 1084 1712 in
1107 1679 1196 1713 hunc
1220 1692 1324 1723 augu-

180 1753 270 1777 stum
296 1740 629 1775 commentariolum
652 1743 830 1776 referam.«
883 1741 1017 1786 Quibus
1036 1742 1140 1776 Tomi
1157 1742 1323 1786 Origenis,

180 1803 364 1842 Homiliae,
390 1811 423 1834 et
447 1802 586 1837 Scholia
610 1803 646 1836 in
670 1804 874 1837 Psalterium
899 1804 1091 1847 singulatim
1114 1813 1285 1838 notantur.

273 1867 333 1900 1V.
379 1865 429 1898 Ex
461 1865 531 1911 ejus
564 1866 825 1900 Commentariis
856 1867 890 1900 in
915 1867 1102 1900 Proverbia
1127 1867 1322 1901 Salomonis

181 1930 363 1979 particulas
391 1928 472 1959 duas
505 1928 693 1972 depromsit
724 1929 924 1975 Pamphilus
955 1929 988 1961 in
1023 1929 1202 1974 Apologia.
1259 1931 1324 1964 Ca-

181 2004 260 2028 tena
283 2002 419 2038 quoque
449 1989 550 2023 Mser.
583 1991 812 2026 bibliothecae
842 1991 1089 2026 Mazarinianae
1119 1992 1154 2025 in
1185 1993 1323 2035 Lucam,

280 2143 312 2189 ¹)
338 2142 406 2176 Csr.
424 2140 552 2175 Erasm.
564 2141 598 2174 in
614 2141 753 2175 Censur.
769 2143 809 2175 de
829 2141 1056 2177 Commentar.
1075 2143 1110 2177 in
1123 2143 1247 2179 Psalm.
1260 2145 1319 2179 III.

274 2200 310 2244 2)
334 2197 422 2232 Vide
446 2197 529 2230 Sin.
553 2196 720 2231 Bibumh.
746 2198 821 2231 libr.
851 2199 905 2232 iv.

274 2258 309 2302 ³)
335 2252 404 2290 Cfr.
427 2251 626 2301 Hieronym.
653 2254 745 2299 opp,
771 2267 848 2287 nov.
877 2255 955 2291 edit.
974 2256 1132 2291 Martian-
1157 2255 1257 2291 Tum.
1277 2256 1319 2290 lt.

180 2304 216 2338 in
241 2301 395 2347 Append.
422 2310 496 2344 pag,
520 2299 595 2334 122.
