1413 2482
179 95 200 129 Ιι
518 92 627 125 Pam
662 92 833 125 Dmmis
857 91 988 124 {lun-ru

182 196 292 226 genes,
318 193 350 215 ct
374 194 542 215 novorum
570 181 764 223 dogmatum
783 190 968 225 suspectus,
991 180 1112 225 sparsis
1138 180 1180 212 de
1204 192 1239 212 se
1263 193 1317 212 ru-

179 246 332 279 moribus
364 254 494 277 mature
531 243 697 282 occurrit,
731 243 855 287 scripta
887 243 928 276 ad
961 242 1147 275 Fabianum
1180 242 1318 287 Papam,

179 308 330 352 aliosque
357 306 528 350 praesules
553 305 714 349 epistola,
750 318 814 350 qua
846 304 1045 337 sententiam
1077 317 1169 336 suam
1199 304 1242 336 de
1267 317 1317 336 re-

180 370 241 402 bus
265 367 384 400 divinis
409 366 604 399 declaravit.

270 431 311 462 ll.
360 429 436 462 Vita
461 429 614 462 functum
646 429 802 462 laudibus
833 437 1034 474 prosecutus
1058 437 1109 461 est
1132 427 1316 474 Dionysius

181 491 426 525 Alexandrinus
449 491 483 524 in
501 491 646 536 epistola
670 492 711 524 ad
731 491 979 529 Theotecnum,
1003 503 1060 523 seu
1078 489 1315 522 Theoetistum

178 553 427 587 Caesariensem
468 553 686 598 episcopum,
723 562 761 585 ut
795 565 814 584 a
851 553 992 585 Gobaro
1029 553 1119 596 apud
1154 551 1315 585 Photiurn

178 616 266 650 Cod.
290 615 368 651 232.
393 615 569 659 proditum
596 625 653 649 est.
701 615 746 647 Et
777 627 858 647 vero
892 627 973 659 quas
998 613 1092 646 vivus
1124 613 1314 646 animorum

176 679 292 710 turbas
316 677 482 710 exciverat
509 677 683 719 Origenes,
709 677 913 719 morientem
937 675 1126 709 restinxisse
1151 675 1313 708 credibile

177 749 245 780 est;
269 739 362 771 nulla
385 738 475 771 enim
501 739 746 783 perseverantis
770 748 848 783 post
879 737 951 784 ejus
975 737 1107 770 obitum
1133 737 1205 770 odii
1228 736 1317 769 indi-

178 801 228 833 cia
252 801 392 833 Veteres
416 800 514 833 nobis
540 801 724 833 memoriae
751 800 979 844 suppeditant.
1017 800 1086 833 Sed
1110 812 1183 832 non
1202 799 1313 831 multo

175 873 254 908 post
278 864 311 896 in
335 862 552 907 superstitem
584 861 654 908 ejus
685 863 808 895 samam
840 875 949 895 novae
983 870 1199 906 tempestates
1223 860 1317 893 incu-

176 927 332 959 buerunt.
379 925 533 958 Primum
558 937 600 956 eo
626 924 788 957 exstincto
820 924 1037 957 Metlnodium
1069 923 1210 968 Tyrium
1244 921 1315 966 epi-

175 1000 319 1031 scopum
348 986 556 1019 Diocletiani
591 985 804 1031 temporibus
836 985 1029 1018 doctrinam
1066 984 1172 1029 ipsius
1202 984 1313 1028 impu-

174 1061 288 1090 gnasse
321 1048 475 1092 reperio:
512 1058 626 1082 narrat
657 1048 785 1092 quippe
821 1047 1050 1093 Hieronymus
1084 1046 1119 1078 in
1160 1045 1237 1079 libr.
1270 1045 1312 1077 de

174 1110 288 1154 script.
320 1110 439 1143 eccles.
474 1123 544 1154 cap.
569 1110 642 1149 94„
673 1109 817 1153 scriptos
850 1108 951 1141 fuisse
981 1109 1023 1140 ab
1055 1120 1098 1140 eo
1133 1107 1240 1140 libros
1270 1107 1312 1139 de

174 1171 434 1205 Resurrectione
468 1181 583 1203 contra
609 1170 813 1212 Origenem,
836 1170 879 1202 de
903 1168 1114 1216 Pyffionissa,
1137 1178 1171 1201 et
1194 1169 1236 1201 de
1261 1181 1313 1200 ar-

175 1234 268 1266 bitrii
295 1234 460 1266 libertate.
509 1232 633 1277 Operis
659 1232 701 1264 (le
726 1230 989 1264 Resurrectione
1012 1230 1237 1272 fragmentum
1261 1230 1311 1263 in-

174 1297 264 1339 signe
295 1295 438 1328 Panario
475 1307 536 1326 suo
570 1293 712 1326 intexuit
743 1293 953 1338 Epiphanius
984 1292 1084 1325 Haec.
1109 1291 1184 1332 64„
1216 1291 1310 1337 cujus

173 1359 341 1402 Excerpta
377 1356 476 1388 etiam
508 1355 770 1399 repraesentavit
802 1353 943 1386 Photius
976 1353 1062 1386 Cod.
1086 1353 1162 1389 234.
1214 1354 1308 1386 Idem

175 1419 261 1452 Cod.
286 1418 364 1453 235.
412 1417 578 1461 Excerptn
604 1418 704 1449 affert
736 1429 774 1448 ex
801 1415 950 1461 ejusdem
976 1415 1104 1457 Ecloga
1127 1417 1212 1461 περὶ
1235 1418 1308 1450 τῶν

172 1482 352 1526 γενητῶν·
385 1488 417 1511 et
450 1480 535 1513 Cod.
559 1479 636 1513 ⁴236.
670 1480 754 1525 περὶ
793 1479 857 1512 τοῦ
893 1477 1150 1525 αιῐτεξουσρου,
1187 1477 1308 1522 quibus

172 1542 328 1584 Origenis
354 1542 508 1583 dogmata
535 1541 744 1583 castigantur.
794 1541 837 1571 At
867 1552 944 1571 eum
978 1539 1029 1572 sui
1055 1539 1194 1571 demum
1219 1538 1307 1585 judi·

171 1605 212 1637 cii
238 1603 461 1649 poenituisse,
496 1612 528 1634 et
562 1603 653 1635 velut
684 1601 892 1647 palinodiam
925 1610 1100 1633 canentem
1124 1600 1308 1634 admirato-

170 1680 240 1699 rem
266 1679 300 1698 se
326 1665 483 1707 Origenis
509 1666 698 1709 professum
724 1676 795 1695 esse
819 1663 852 1695 in
876 1663 1037 1705 Dialogu,
1063 1676 1166 1707 quem
1190 1663 1306 1696 Xeno-

171 1741 249 1760 nem
281 1726 465 1771 inscripsit,
510 1735 630 1758 auctor
663 1734 716 1758 est
745 1725 902 1758 Socrates
941 1725 1016 1757 libr.
1050 1726 1112 1758 vl.
1145 1738 1218 1770 cap,
1252 1725 1305 1760 13.

169 1790 283 1832 Sed’)
309 1788 440 1822 Socrati
467 1787 667 1820 contradicit
700 1786 866 1819 Raronius
899 1788 940 1819 ad
975 1788 1057 1822 Ann.
1084 1786 1150 1821 402
1173 1813 1180 1827 ,
1211 1800 1305 1820 men-

263 1952 292 1993 ')
321 1950 451 1982 Rnaeus
476 1949 507 1981 in
533 1949 637 1981 notis:
664 1948 713 1980 En
728 1948 798 1992 ipsa
817 1947 954 1981 Eusebii
979 1948 1078 1980 verba
1102 1960 1139 1980 ex
1165 1947 1223 1981 lib.
1242 1948 1299 1981 Vl.

164 2005 354 2051 Apologiae
379 2005 481 2050 ipsius
508 2018 569 2049 pro
600 2005 758 2045 Origene,
783 2005 892 2049 qualia
918 2003 1051 2037 exhibet
1072 2003 1300 2050 Hieronymus

164 2063 243 2094 loco
270 2060 390 2093 citato:
419 2060 627 2103 »Quomodo
665 2073 762 2092 ausus
796 2070 844 2092 est
877 2058 1072 2092 methodius
1103 2072 1194 2092 nunc
1220 2072 1300 2092 con-

164 2129 214 2151 tra
239 2116 421 2158 origenem
447 2115 610 2155 scribere,
643 2115 698 2160 qui
726 2116 805 2147 haec
832 2124 863 2147 et
889 2115 970 2147 haec
995 2115 1036 2147 de
1062 2114 1220 2157 Origenis
1245 2116 1299 2148 lo-

163 2183 258 2206 cutus
283 2181 331 2205 est
355 2172 613 2214 dogmatibuszn
665 2171 774 2203 Porro
808 2171 861 2203 hie
894 2170 1060 2203 Eusebius
1091 2180 1205 2215 aperte
1227 2184 1295 2205 non

160 2229 245 2260 dicit
267 2227 483 2260 Methodium
510 2227 609 2260 fuisse
634 2235 729 2258 ante-t
756 2226 907 2258 locutum
932 2239 996 2270 pro
1021 2226 1178 2269 Origene.
1227 2228 1294 2260 Ne-

160 2297 224 2327 que
250 2284 337 2315 enim
364 2284 461 2316 dicit:
501 2282 576 2327 „qui
609 2282 691 2313 hac-c
724 2291 755 2313 et
788 2281 869 2313 haer
901 2283 944 2314 de
977 2282 1135 2323 Origenis
1157 2283 1289 2315 locutus
