1413 2482
159 90 224 125 186
491 88 602 121 Pssrm
630 87 803 120 Damus
827 86 957 120 Eun-ru

157 190 256 220 caret,
284 179 375 225 quod
400 179 514 211 subest
537 177 627 222 apud
647 176 843 215 Eusebium.
869 177 1051 219 Origenem
1075 178 1116 210 ad
1141 176 1286 222 reliquas

156 229 449 286 interpretationes
472 239 631 285 adjecisse
661 238 859 284 septimam,
893 240 986 284 quod
1010 238 1227 272 Hierichume
1253 238 1285 270 in

156 304 251 336 dolio
284 303 471 346 imperante
503 301 677 335 Caracalla.
708 311 841 346 reperta
871 300 923 335 sit.
971 301 1065 333 Idem
1095 300 1195 333 habet
1219 301 1286 334 Zo-

158 377 262 397 naras.
311 363 450 397 Certum
476 373 525 396 est
549 377 588 396 ex
613 363 784 396 Athanasii
810 373 843 396 et
866 363 1049 408 Epiphanii
1078 363 1286 403 auctoritate,

155 426 306 471 quintam
339 425 525 458 editionem
550 425 771 458 lliericlnunte
801 426 834 457 in
867 424 962 457 dolio
995 424 1097 458 fuisse
1119 432 1287 470 repertam

157 488 343 533 imperante
369 488 550 522 Caracalla.
589 487 695 519 Addit
708 487 928 532 Epiphanius,
951 499 1017 519 una
1041 496 1194 531 repertos
1218 498 1287 519 esse

157 550 265 582 libros
290 549 392 589 alios,
417 563 492 583 cum
519 550 722 590 Hebraicos,
754 558 825 581 tum
850 548 950 581 etiam
975 548 1135 582 Graecos.
1183 547 1288 592 Quod

155 612 182 644 si
217 625 256 644 ex
291 612 341 644 his
377 612 479 645 fuisse
513 612 691 657 septimam
728 611 822 643 illam
854 610 1068 643 Psalmorum
1103 610 1288 644 editionem

156 674 318 714 dicamus,
342 674 389 707 ita
413 687 489 707 cum
513 673 586 706 aliis
611 672 777 720 Eusebius
802 672 1048 706 conciliabitur.
1097 672 1289 718 Opinantur

158 735 306 780 quidam,
331 736 509 781 septimam
532 736 625 768 illam
652 735 837 768 editionem
863 736 1006 768 eandem
1031 748 1100 768 esse
1117 747 1154 767 ac
1173 734 1288 767 Lucia-

155 810 270 838 neam,
301 798 367 831 hoc
391 808 606 840 argumento,
638 798 731 842 quod
756 796 975 840 Athanasius,
999 796 1069 829 sive
1094 797 1287 843 Synopseos

154 868 292 899 auctor,
332 859 472 892 Luciani
510 860 696 892 editionem
731 860 875 904 septimo
916 860 994 892 loco
1029 867 1219 898 recenseat,
1255 867 1287 890 et

153 921 334 965 septimam
358 922 518 967 appellet.
567 922 636 955 Sed
660 922 805 955 multum
836 922 1019 963 falluntur3
1048 934 1125 954 nam
1149 920 1287 953 Luciani

157 983 263 1016 editio
288 983 359 1028 ipsa
383 984 448 1017 fuit
471 982 591 1028 κοινή,
625 993 704 1029 post
728 983 883 1025 Origenis
909 992 1051 1016 aetatem
1077 992 1230 1015 correcta
1254 991 1287 1014 et

155 1047 331 1079 emendata
354 1046 544 1086 aLuciano,
568 1056 607 1079 ut
629 1046 733 1079 tradit
748 1044 975 1091 Hieronymus
998 1044 1097 1077 initio
1123 1044 1287 1090 epistolae

153 1109 196 1141 ad
227 1108 364 1141 Suniam
399 1117 432 1140 et
460 1108 656 1141 Fretellam.
711 1107 946 1152 Septimam¹)
978 1119 1058 1139 vero
1090 1106 1288 1146 editionem,

155 1183 240 1215 quae
264 1170 426 1215 Hexaplis
450 1170 575 1203 intexta
599 1179 660 1215 est,
685 1170 908 1203 Hierichunte
932 1169 1101 1203 inventam
1127 1181 1197 1202 esse
1224 1168 1287 1201 im-

152 1242 292 1276 perante
318 1232 488 1266 Caracalla
506 1232 672 1265 Eusebius
696 1241 861 1265 asseverat
886 1232 961 1265 libr.
980 1231 1036 1264 VI.
1062 1231 1189 1265 Histor.
1216 1244 1287 1277 cap.

155 1369 232 1388 nem
258 1356 292 1388 id
318 1356 437 1388 referri
459 1365 584 1400 potest.
631 1357 699 1389 Sed
726 1369 801 1388 cum
834 1365 964 1388 constet
995 1368 1033 1388 ex
1060 1355 1230 1389 Athanasii
1255 1366 1287 1388 et

154 1412 340 1457 Epiphanii
356 1413 566 1462 auctoritatf,
580 1412 729 1457 quintam
749 1412 935 1445 editionem
948 1412 1169 1445 Hierichunte
1186 1412 1287 1446 fuisse

154 1467 323 1501 inventam
361 1469 548 1514 imperante
588 1469 774 1508 Caracalla,
812 1470 905 1513 quod
940 1469 995 1502 hic
1030 1469 1077 1501 ait
1111 1469 1287 1509 Eusebius,

156 1525 259 1567 magis
284 1526 326 1558 de
345 1525 470 1570 quinta,
497 1539 595 1570 quam
621 1527 662 1558 de
687 1525 830 1570 septima
855 1525 1004 1557 editione
1029 1525 1286 1568 intelligendum

155 1581 298 1614 videtur.
345 1582 466 1623 Negari
490 1591 602 1614 tamen
625 1583 745 1622 nolim,
766 1581 949 1627 septimam
966 1582 1049 1614 hanc
1065 1582 1287 1615 Hierichunte

155 1637 306 1681 potuisse
337 1638 456 1670 itidem
487 1638 638 1683 reperiri.
686 1639 786 1678 Esto,
820 1637 1045 1671 conciiientur
1075 1638 1224 1671 Zonaras
1254 1648 1287 1670 et

154 1694 367 1738 Nicephorus
394 1709 468 1727 cum
492 1695 696 1740 Epiphanio,
721 1695 780 1740 qui
803 1695 860 1735 ait,
887 1708 953 1728 una
978 1707 1053 1727 cum
1078 1695 1194 1739 quinta
1218 1695 1288 1727 edi-

154 1749 248 1782 tione
273 1761 426 1794 repertos
451 1765 520 1785 esse
537 1752 622 1785 alios
638 1752 756 1791 libros,
781 1764 855 1785 cum
870 1751 1066 1791 Hebraicos,
1089 1760 1161 1783 tum
1187 1751 1287 1784 etiam

156 1805 316 1838 Graecos.
366 1807 457 1839 Illud
489 1808 623 1840 tandem
650 1810 840 1847 contendo,
873 1821 940 1841 non
971 1820 1157 1841 asseverare
1181 1808 1287 1842 Euse-

155 1862 262 1900 bium,
286 1862 463 1907 septimam
491 1863 675 1895 editionem
693 1863 914 1896 Hierichunte
939 1863 1107 1897 inventam
1132 1878 1202 1898 esse
1225 1866 1288 1898 im·

155 1927 293 1963 perante
321 1918 501 1951 Caracalla.
549 1920 589 1951 R.

252 1975 284 2018 ¹)
309 1975 385 2006 Jam
410 1988 510 2019 supra
535 1976 848 2014 demonstravimus,
871 1975 1057 2008 Eusebium
1081 1977 1220 2011 minime
1237 1992 1287 2012 as-

156 2043 320 2071 severare,
343 2031 520 2075 septimam
547 2032 731 2064 editionem
749 2032 968 2065 Hierichunte
994 2033 1094 2066 fuisse
1118 2044 1286 2079 repertam

157 2086 346 2131 imperante
372 2087 562 2128 Caracalla,
593 2089 652 2120 sed
677 2089 764 2121 hunc
790 2088 859 2133 ejus
884 2089 1052 2122 Historiae
1079 2090 1193 2124 locum
1218 2095 1286 2124 tam

156 2143 198 2175 ad
224 2143 394 2188 quintam,
426 2153 483 2176 aut
512 2153 655 2184 sextam,
693 2158 792 2189 quam
825 2147 866 2178 ad
898 2146 1074 2191 septimam
1100 2147 1283 2181 editionem

156 2199 274 2232 referri
299 2212 417 2245 posse,
453 2213 490 2233 ac
521 2200 664 2245 proinde
689 2202 791 2245 magis
823 2203 864 2236 de
890 2203 1006 2248 quinta
1030 2203 1282 2248 intelligendum

156 2255 273 2290 videri.
321 2256 361 2290 R.
