1422 2472
387 106 700 140 Oammmuoaum
725 104 837 136 Lunna
863 103 906 135 ΙΙ.
1158 101 1201 135 45

70 210 141 230 cem
168 197 379 240 deposceret,
406 195 526 240 vixque
551 193 712 239 praesidis
745 190 1038 226 adhortationibus
1070 191 1202 222 sedare-

70 268 134 292 tur.
181 257 331 300 Digressi
368 270 405 289 ex
440 259 594 302 Aegypto
627 255 837 296 Origenistae
862 252 1134 297 Hierosolymam
1161 252 1201 283 ad

69 320 236 352 Joannem
261 318 352 350 urbis
382 318 565 351 antistitem
599 317 815 358 confugiunt,
848 328 948 360 quem
979 322 1074 346 antea
1099 312 1202 357 parti-

72 382 133 414 bus
166 380 233 413 suis
267 381 432 412 faventem
466 387 706 420 cognoverant.
761 377 944 424 Sylvanum
979 388 1055 407 eum
1080 386 1201 418 perpe—

73 456 143 474 ram
169 443 339 486 appellant
365 439 530 481 Georgius
559 439 802 471 Alexandrinus
828 439 860 470 in
887 438 951 469 vita
970 436 1201 482 Chrysostomi

74 517 144 548 cap.
163 503 236 543 38„
269 512 302 534 et
338 503 423 534 alter
452 513 642 544 anonymus
674 501 820 543 scriptor
853 500 937 531 vitae
973 497 1203 544 Chrysostomi

75 579 147 608 cap.
170 564 225 599 89.
257 573 289 596 et
328 564 467 596 Simeon
508 563 748 605 metaphrastes
782 561 814 592 in
853 560 919 592 vita
961 559 1203 606 Chrysostomi.

76 628 160 658 Nam
185 638 272 657 anno
297 624 373 659 356.
405 625 439 656 in
464 623 778 669 l‘lierosolymitauo
803 622 926 654 throno
951 621 1075 653 sedisse
1101 621 1204 652 Joan-

75 701 165 727 nem,
191 687 313 720 obiisse
339 699 418 718 vero
445 698 531 717 anno
557 684 633 718 416.
667 685 874 716 demonstrat
908 682 1093 715 Baronius:
1125 683 1205 714 Hie-

75 749 280 794 rosolymam
306 757 417 780 autem
444 760 530 783 anuo
557 745 631 780 399.
669 744 895 786 origenistae,
921 754 959 777 ut
983 743 1062 784 dixi,
1088 744 1206 776 consu-

76 820 202 852 gcrunt.
249 809 431 843 Submissis
456 807 618 840 continuo
644 806 676 838 in
701 806 923 839 Palaestinam
948 806 1063 847 legatis
1087 805 1205 838 Prisco

78 882 110 904 et
142 871 299 910 Eubulo‚
332 870 569 916 Hierosolyma
603 881 738 913 quoque
773 877 806 900 et
836 867 998 912 proximis
1031 868 1115 899 locis
1148 881 1206 899 eos

79 934 201 978 expelli
235 942 328 964 curat
359 931 587 975 Theophilus,
625 943 789 974 nusquam
828 939 1033 974 repugnante
1064 929 1206 962 Joanne.

78 995 211 1027 Horum
255 993 483 1038 conjecturam
517 993 665 1036 capimus
704 1005 739 1023 ex
774 991 872 1035 epist.
903 991 956 1025 70.
997 991 1206 1037 Hieronymi.

80 1055 303 1101 Scythopolin
331 1054 538 1096 Origenistae
563 1067 705 1086 numero
739 1052 873 1085 circiter
897 1052 1066 1094 octoginta
1091 1066 1209 1096 perve-

80 1118 187 1149 niunt.
229 1118 264 1148 ln
282 1116 330 1148 his
347 1116 545 1155 Dioscorus,
571 1115 781 1154 Ammonius,
805 1114 981 1153 Eusebius,
1005 1114 1209 1158 Eutltymius

81 1178 217 1217 Hierax,
243 1176 345 1209 lsaaci
370 1177 450 1215 duo,
475 1185 506 1208 et
532 1176 689 1208 Isidorus.
736 1178 779 1208 At
804 1188 878 1206 cum
903 1175 944 1206 ad
969 1175 1208 1218 imperatorem

84 1239 277 1277 Arcadium,
302 1247 334 1269 et
358 1237 649 1281 archiepiscopum
681 1237 847 1268 Joannem
881 1236 1033 1267 delectos
1059 1249 1076 1267 e
1103 1235 1209 1267 Nitria

83 1300 276 1340 monachos,
305 1299 504 1340 Origenistis
529 1299 687 1337 infensos,
711 1298 864 1342 aliosque
891 1297 1210 1342 Constantinopolin

83 1362 240 1402 allegasse
265 1359 494 1404 Theophilum
519 1359 744 1403 accepissent,
777 1359 832 1404 qui
858 1372 920 1403 pro
945 1371 979 1390 se
1006 1372 1135 1390 causam
1161 1358 1211 1390 di-

85 1431 215 1462 cerent,
246 1422 366 1454 eodem
400 1421 464 1465 ipsi
496 1422 536 1453 ad
563 1421 737 1453 diluendas
763 1420 945 1465 Theophili
972 1420 1210 1460 accusationes,

85 1497 224 1529 suasque
249 1495 299 1516 res
324 1484 551 1527 procurandas
576 1483 723 1526 profecti
748 1493 834 1516 sunt.

175 1547 231 1578 lV.
278 1545 344 1577 Per
368 1545 458 1576 idem
484 1554 635 1588 tempus,
661 1557 727 1587 quo
754 1544 834 1575 hacc
858 1545 1056 1586 agebantur,
1083 1543 1212 1575 delatus

87 1618 135 1641 est
159 1607 191 1640 in
217 1619 270 1639 eas
296 1619 369 1639 oras
394 1619 411 1638 a
436 1605 546 1638 Gallia
573 1605 846 1638 posthumianus.
895 1607 1014 1638 Narrat
1038 1605 1096 1636 ille
1122 1605 1210 1648 apud

86 1669 270 1714 Sulpitium
292 1668 321 1712 ¹)
357 1668 519 1700 Severum
552 1668 669 1699 foedas
704 1666 883 1711 episcopos
916 1667 1003 1699 inter
1033 1676 1064 1700 et
1097 1679 1213 1706 mona-

87 1732 166 1763 chos
183 1729 447 1762 concertationes
469 1728 703 1768 intercessisse,
728 1727 805 1772 quia
833 1727 1042 1770 »congregati
1063 1727 1094 1759 in
1109 1741 1212 1759 unum

86 1792 218 1837 saepius
249 1791 439 1824 sacerdotes
472 1790 703 1834 frequentibus
734 1790 921 1822 decrevisse
954 1789 1090 1835 synodis
1122 1788 1214 1821 vide-

86 1856 219 1892 bantur,
244 1866 284 1884 ne
310 1851 382 1896 quis
407 1851 561 1893 Origenis
593 1852 697 1884 libros
728 1852 870 1894 legeret,
895 1861 951 1884 aut
976 1852 1131 1891 haberet,
1156 1850 1214 1895 qui

88 1925 247 1948 tractator
270 1926 436 1946 sacrarum
462 1913 710 1957 Scripturarum
737 1914 956 1957 peritissimus
981 1913 1211 1944 habebatum«

90 1976 253 2008 censuisse
277 1975 467 2019 episcopos,
493 1975 596 2006 libros
623 1975 795 2016 Origenis,
829 1975 919 2019 quod
944 1974 1063 2018 sparsis
1088 1974 1151 2005 huc
1175 1973 1216 2005 il-

93 2037 212 2081 lucque
238 2037 406 2069 erroribus
431 2046 605 2076 scaterent,
630 2037 763 2080 penitus
788 2050 857 2068 esse
884 2037 1112 2079 respucndos;
1137 2048 1216 2067 con-

93 2107 141 2129 tra
172 2097 378 2141 portendisse
410 2097 611 2138 monachos,
657 2098 821 2142 quidquid
852 2097 959 2129 inerat
990 2110 1142 2129 errorum
1175 2097 1216 2127 ab

92 2156 266 2190 haereticis
291 2157 392 2191 suisse
416 2159 596 2199 inscrtum3
620 2172 679 2191 nec
704 2169 847 2204 propter
871 2173 919 2199 ea,
945 2172 1030 2203 quae
1055 2159 1087 2190 in
1105 2169 1217 2201 repre·

192 2285 222 2328 ¹)
251 2284 320 2316 Csr.
344 2285 464 2329 sulpit,
490 2286 604 2320 Sex-er.
631 2287 755 2328 dialog.
785 2288 813 2321 1.
841 2300 910 2330 cap.
937 2286 967 2319 3.
