1422 2472
338 72 408 95 ruo
436 61 602 95 offic-‚ms
633 60 856 94 Amuomrio.
1114 62 1181 98 267

37 153 222 190 Cardiualis
246 151 400 186 Norisius
424 151 567 185 Disscrt.
591 150 709 185 histor.
736 152 778 184 de
805 151 934 199 Synod.
953 152 994 184 V.
1021 164 1093 197 cap.
1112 152 1179 193 13.‚

36 227 72 250 ut
95 215 203 262 aperti
227 214 395 249 mendacii
420 214 581 247 Rufinum
615 222 746 256 arguat,
780 213 901 258 objicit
931 213 967 246 in
991 213 1057 247 hoc
1082 215 1178 259 Apo-

35 279 182 322 logetico
220 278 359 318 libello,
395 289 497 322 quem
534 277 597 310 sub
635 276 775 309 nomine
806 275 980 320 Pamphili
1019 276 1180 323 Martyris

34 342 158 383 edidit,
180 341 265 374 nihil
289 341 473 386 probatum
498 339 564 382 legi
591 349 706 372 contra
732 337 1011 378 Mathematicus,
1036 339 1092 371 vel
1115 338 1177 372 fati

32 414 232 445 assertores;
268 403 328 435 sed
365 412 497 436 tantum
532 402 575 434 de
606 401 728 441 Patre,
765 401 806 434 de
838 400 921 434 Filii
962 400 1171 442 aeternitate,

33 468 74 500 de
100 465 246 511 Spiritus
278 466 383 498 sancti
415 464 610 505 divinitate,
647 464 688 496 de
713 463 818 496 Verbi
851 463 1100 504 incarnatione,
1133 476 1172 497 ac

34 528 169 562 Christo
182 527 350 568 Domino,
378 528 419 560 de
443 526 565 572 poenis
591 527 840 566 damnatorum,
857 534 922 562 etc.
972 525 1180 569 »Quodnam

31 591 151 632 igitur,
175 589 303 635 inquit,
329 602 415 634 opus
441 598 557 622 contra
583 587 844 621 mathematicos
868 587 1070 633 Pamphilus
1094 588 1175 622 scri-

29 652 149 698 psit?«
198 653 268 686 Sed
302 650 481 697 responsio
519 650 629 683 facilis
667 659 726 683 est.
774 649 822 682 Ut
858 650 948 683 enim
987 651 1103 684 darem
1139 650 1176 684 in

28 715 141 760 primo
166 714 357 760 Apologiae
388 714 477 747 libro
511 712 596 746 nihil
628 721 745 746 contra
768 712 1033 747 {Mathematicos
1057 713 1172 757 fuisse,

29 788 63 811 at
87 786 218 811 ceteros
242 777 332 810 forte
346 775 457 809 'libros
481 784 669 821 sequenter»,
695 774 730 807 in
749 774 870 820 quihus
888 775 1016 808 alicubi
1032 775 1173 809 forsitan

27 840 90 874 fati
113 849 294 873 assertores
320 839 594 880 confutabantur,
616 837 736 872 Latine
753 838 897 872 reddere
915 837 952 871 in
970 837 1083 871 animo
1103 848 1174 872 erat

28 903 173 944 Rufino,
206 915 307 948 quem
337 903 379 935 ab
410 902 475 935 hoc
506 901 625 934 labore
657 901 823 934 deterruit
853 901 946 934 solus
979 900 1172 935 Macharius

29 966 135 998 libros
170 967 256 1012 περὶ
294 965 418 1011 ἀρχῶν
453 963 593 997 videndi
627 963 781 1009 cupidus.
838 963 905 997 Hie
943 963 1052 1005 enim,
1092 973 1178 998 teste

28 1027 155 1061 Rufino
181 1027 242 1060 lib.
259 1027 284 1061 I.
307 1026 499 1072 Apologiae
517 1027 675 1059 adversus
691 1027 957 1072 Hieronymum,
986 1027 1075 1060 lecta
1099 1026 1180 1061 libri

30 1089 134 1135 primi
164 1089 387 1134 Apologetici
421 1088 592 1129 versione,
625 1089 748 1135 majori
780 1088 981 1123 »desiderio
1018 1102 1179 1124 accensus

33 1162 82 1185 est
106 1153 149 1185 ad
172 1152 245 1197 ipsa
269 1151 329 1185 illa
353 1151 487 1197 plenius
513 1152 757 1195 cognoscenda,
782 1163 799 1185 e
827 1150 949 1197 quibus
977 1165 1085 1198 pauca
1108 1153 1179 1194 illa,

35 1227 119 1260 quae
143 1214 360 1248 transtulerat
383 1214 543 1255 Rufinus,
570 1214 772 1248 videbantur
796 1223 973 1250 assumta.«
1022 1215 1179 1250 Transla-

32 1278 162 1311 tionem
186 1277 300 1323 itaque
334 1277 502 1312 librorum
527 1278 611 1323 περὶ
643 1276 766 1324 ἀρχῶν
797 1277 932 1321 aggredi
969 1287 1103 1313 coactus
1129 1288 1178 1315 est

32 1340 185 1374 Rufinus.

117 1403 179 1437 III.
211 1402 442 1450 Hieronymus
464 1403 602 1437 Codicis
618 1404 752 1445 Graeci,
779 1417 881 1450 quem
909 1418 927 1439 a
952 1406 1076 1440 Rufino
1102 1421 1176 1441 mu-

30 1475 141 1500 tuatus
174 1474 265 1506 erat,
300 1466 402 1499 titulo
436 1467 541 1500 fidem
576 1466 755 1508 adhibens,
794 1467 946 1513 primum
983 1470 1173 1505 crediderat

28 1527 278 1561 Defensionem
314 1528 469 1572 Origenis
504 1530 566 1562 sub
601 1529 741 1563 nomine
781 1530 954 1576 Pamphili
993 1532 1174 1575 vulgatam,

32 1604 119 1636 opus
145 1603 216 1624 esse
241 1591 412 1625 diversum
441 1606 460 1625 a
481 1605 536 1625 sex
559 1591 731 1638 Pamphili
757 1602 790 1625 et
813 1592 952 1626 Eusebii
984 1595 1080 1629 libris
1104 1610 1168 1642 pro

30 1653 177 1696 Origene
215 1653 415 1695 elaboratis,
452 1654 702 1700 propriumque
745 1655 851 1689 solius
890 1656 1078 1703 Pamphili:
1101 1661 1173 1693 vsed

27 1716 89 1749 hac
113 1717 336 1762 postmodum
351 1717 532 1763 Pamphilo
552 1718 711 1759 detracta,
735 1731 840 1751 unum
865 1731 935 1753 esse
962 1733 1001 1754 ac
1026 1722 1173 1756 eundem

28 1779 133 1812 solius
164 1779 307 1814 Eusebii
338 1781 447 1815 fetum
479 1781 601 1815 acriter
633 1780 819 1818 contendit.
866 1783 995 1818 »Nunc
1024 1794 1168 1828 tantum,

29 1841 141 1887 inquit
165 1842 223 1876 lib.
239 1843 283 1878 ΙῘ.
308 1844 465 1877 adversus
477 1844 651 1885 Rufinum,
675 1844 742 1878 tuis
759 1844 1000 1880 assertionibus
1019 1848 1172 1882 obviasse

27 1904 192 1945 sufficiat,
220 1914 255 1938 et
274 1905 341 1940 hoe
364 1906 513 1940 breviter
536 1908 741 1953 prudentem
773 1908 969 1943 instruxisse
993 1911 1172 1954 lectorem,

27 1979 83 1999 me
113 1967 215 2001 istum
245 1967 390 2013 librum,
425 1970 484 2016 qui
516 1971 577 2004 sub
608 1970 747 2005 nomine
776 1971 950 2017 Pamphili
983 1973 1167 2017 ferebatur,

29 2029 152 2063 vidisse
175 2030 324 2076 primurn
348 2033 512 2079 scriptum
534 2034 569 2067 iu
585 2034 711 2069 Codice
736 2044 815 2079 tuo;
840 2044 873 2069 et
898 2035 977 2082 quia
999 2050 1069 2071 non
1093 2049 1165 2073 erat

30 2092 114 2145 mihi
137 2106 254 2138 curae,
279 2095 361 2141 quid
383 2110 447 2142 pro
472 2097 641 2131 haeretico
669 2098 857 2141 diceretur,
881 2099 929 2133 sie
953 2113 1088 2146 semper
1110 2102 1168 2136 ha-

29 2155 161 2198 buisse,
194 2157 286 2201 quasi
318 2159 485 2194 diversum
517 2170 603 2194 esset
638 2175 722 2207 opus
747 2162 918 2208 Pamphili
945 2173 978 2196 et
999 2164 1162 2199 Eusebii:

30 2227 150 2263 postca
175 2232 275 2260 vero,
299 2221 495 2266 quaestione
519 2233 629 2266 mota,
654 2226 787 2272 scriptis
814 2239 933 2260 eorum
957 2228 1166 2273 respondere

31 2282 191 2330 voluisse,
226 2293 259 2318 ct
292 2284 336 2322 ob
361 2284 446 2321 hanc
481 2299 611 2323 causam
640 2289 776 2337 legisse,
809 2289 890 2341 quid
923 2303 987 2339 pro
1013 2290 1160 2338 Origene
