1413 2482
210 60 278 94 2213
545 58 656 91 Pss‘rtu
681 58 851 91 Dmnms
878 58 1011 94 uum-n

212 149 446 182 dissertatione
480 146 561 180 alias
592 159 609 179 a
635 146 733 179 nobis
766 146 996 192 disputabitur
1031 148 1236 188 accuratius,
1272 160 1349 181 cnm

212 211 301 243 inter
325 211 538 256 Syntagmata
564 207 651 254 typis
677 208 919 243 committetur.

303 272 396 305 Vltt.
424 269 597 313 Quoniam
625 283 662 302 ex
688 270 753 308 hoc
778 270 856 303 albo
882 270 1106 304 Pliilocaliam
1129 283 1199 304 non
1223 283 1351 316 expun-

212 334 338 376 gimus,
377 331 492 377 paucis
524 343 660 376 quoque
693 332 735 364 de
773 344 810 364 ca
848 332 1013 374 agendum
1051 340 1110 365 est.
1164 331 1352 366 philocalia

214 395 296 440 qnid
320 395 380 434 sit,
416 393 566 427 breviter
590 394 738 426 declarat
762 393 954 438 Epigraphe
985 393 1049 438 ipsi
1075 393 1214 438 praefigi
1237 393 1351 427 solita:

209 455 390 501 Ἐκλογὴν
424 454 443 500 ἡ
477 457 646 500 παροῦσα
679 458 832 500 περιέχει
871 457 994 499 βίβλος
1024 456 1222 501 γραφικῶν
1253 457 1354 498 ζητη-

212 517 341 565 μάτων
371 521 433 552 καὶ
466 516 688 559 διαλύσεων,
724 517 764 551 ἐκ
799 515 993 561 ὃιιιᾳόρων
1023 519 1160 560 βίβλων
1185 519 1232 562 τῷ
1254 515 1356 561 Ὠρι-

212 585 310 628 γένει
335 581 573 624 ποιηθεισῶν,
604 579 852 624 ἤι’)ροισιιιένην
877 577 948 613 ὑπὸ
975 580 1047 613 τῶν
1065 576 1107 612 ιὰ
1126 582 1209 614 θεῖα
1227 580 1357 624 σοφῶν

215 645 426 687 Γρηγορίου
463 643 523 675 καὶ
560 643 772 675 Βασιλείου.
828 640 917 672 Tum
953 639 1165 686 subjungitur
1200 640 1358 686 epistola,

215 717 278 750 qua
304 704 338 736 id
364 716 450 748 opus
474 703 515 735 ad
541 702 766 734 Theodorum
791 693 965 748 Tjaneum
999 701 1199 747 episcopum
1224 702 1357 744 Grego-

214 765 283 798 rius
307 765 535 798 Nazianzenus
562 763 753 796 transmisit.
798 764 996 796 ¹Ostendunt
1023 776 1180 809 quoque,
1206 764 1287 809 quid
1315 763 1358 796 sit

214 827 415 865 philocalia,
441 827 607 868 elegantes
620 825 734 858 Jambi
758 825 912 858 nondum
938 824 1032 865 editi,
1057 838 1143 870 quos
1168 826 1202 859 in
1219 825 1357 870 antiquo

216 887 432 922 collectionis
458 887 554 934 hujus
581 887 711 921 Codice
738 899 838 920 manu
863 887 990 932 scripto
1016 887 1220 932 reperimus:

241 943 293 986 05
318 949 570 996 (Ὠριγένους)
595 951 669 984 τῶν
693 947 815 994 λόγων
841 951 908 983 νῦν
933 947 1104 995 ἁρμογὴν
1130 947 1218 995 ὁρᾷς
1238 952 1356 993 ξένην,

244 1014 442 1047 Βασιλείου
467 1015 676 1056 κρίναντος,
703 1010 749 1049 ὠς
773 1014 953 1056 κρείττους
975 1010 1086 1045 πάνυ.

216 1076 329 1119 Atque
345 1073 427 1106 haec
451 1085 492 1105 eo
512 1072 671 1105 libentius
691 1073 818 1111 refero,
842 1072 935 1116 quod
953 1071 992 1104 iis
1011 1072 1104 1104 vocis
1122 1074 1357 1115 ψιλοκιιλιάς,

217 1148 286 1182 quo
311 1148 409 1168 sensu
439 1147 456 1166 a
480 1134 607 1167 Basilio
633 1143 666 1167 et
691 1134 859 1176 Gregorio
885 1143 1044 1178 usurpata
1068 1143 1135 1174 est,
1159 1134 1357 1177 significatio

218 1197 421 1231 continetur.
471 1196 564 1229 Nihil
590 1205 701 1229 autern
735 1205 831 1229 sonat
861 1195 955 1228 aliud
989 1208 1025 1228 ea
1051 1209 1133 1237 vox,
1165 1209 1265 1241 quam
1297 1197 1357 1230 de-

217 1260 345 1292 lectum
382 1258 582 1291 eximiorum
620 1258 836 1303 quorundam
876 1258 1032 1290 locorum
1073 1270 1090 1290 e
1129 1258 1228 1292 variis
1264 1258 1358 1292 libris

216 1320 393 1365 scriptoris
417 1319 578 1367 alicujus:
615 1319 806 1365 cujusmodi
831 1329 909 1353 sunt
943 1320 1129 1362 fragmenta
1155 1333 1172 1353 e
1195 1320 1359 1354 Petronio

218 1384 260 1416 ab
285 1383 400 1428 aliquo
426 1382 579 1416 studioso
605 1382 760 1415 collecta.
808 1382 938 1414 Locum
965 1381 1019 1414 hic
1044 1394 1111 1414 non
1131 1382 1231 1416 habet
1255 1382 1360 1416 altera

221 1447 442 1483 Φιλοκαλίας
466 1444 610 1484 notatio,
635 1457 734 1489 quam
752 1444 851 1476 affert
867 1443 1073 1486 Augustinus
1089 1443 1166 1477 libr.
1180 1445 1223 1478 ll.
1250 1454 1357 1479 contr.

219 1507 378 1540 Academ.
405 1518 477 1551 cap.
505 1506 553 1546 1.‚
585 1515 617 1538 et
642 1506 718 1540 libr.
737 1506 761 1542 l.
793 1505 976 1540 Retractat.
1003 1517 1074 1550 cap.
1101 1505 1150 1545 1.,
1183 1518 1256 1539 eam
1289 1519 1359 1540 esse

217 1568 368 1602 scribens
393 1581 506 1601 rerum
539 1568 728 1601 divinarum
762 1580 799 1600 ex
826 1566 938 1599 divina
972 1566 1154 1608 relatione,
1184 1577 1218 1600 et
1242 1569 1357 1601 Verbo

217 1629 286 1662 Dei
319 1629 532 1672 cognitarum
563 1630 736 1663 studium:
779 1642 847 1675 quo
879 1642 977 1662 sensu
1008 1638 1207 1674 usurpatum
1239 1642 1309 1663 esse
1339 1643 1358 1663 a

219 1690 388 1732 Gregorio
422 1701 454 1724 et
478 1692 605 1725 Basilio
637 1692 703 1725 hoc
737 1691 942 1724 vocabulum
975 1689 1103 1735 opinati
1137 1699 1214 1723 sunt
1247 1691 1360 1724 Gene-

217 1753 359 1785 brardus
394 1763 427 1785 et
450 1754 606 1786 Tarinus.
655 1753 725 1797 Qui
750 1753 840 1786 enim
872 1753 907 1785 id
941 1761 1104 1794 congruet
1137 1765 1213 1785 cum
1238 1752 1359 1795 Orige-

219 1813 400 1847 nianorum
427 1815 558 1860 aliquot
583 1816 739 1848 locorum
764 1813 916 1857 Ecloga?
962 1815 1006 1847 At
1038 1826 1078 1846 eo
1105 1826 1222 1854 sensu,
1255 1827 1356 1860 quem

218 1885 314 1908 notat
339 1877 564 1918 Augustinus,
594 1876 791 1921 accipienda
824 1885 872 1908 est
904 1888 969 1907 vox
1000 1874 1222 1919 Φιλόκαλος,
1256 1889 1357 1921 quarn

220 1937 361 1980 Origeni
388 1937 535 1971 tribuere
554 1937 758 1982 Gregorium
782 1937 982 1980 theologum
1006 1937 1039 1970 in
1065 1938 1217 1983 epistolis
1241 1937 1359 1972 scribit

220 1998 362 2032 Photius
388 1999 474 2032 Cod.
500 1998 576 2034 232.
