1422 2472
361 84 671 119 Omeesmxonum
696 83 811 116 Lmen
835 83 899 117 111.
1123 80 1188 117 137

52 176 130 210 libri
161 187 179 208 a
210 174 413 220 principius<
471 174 563 207 Haec
594 173 827 219 Hieronymus
860 172 900 204 de
928 171 1188 205 Commentariis

53 238 209 281 Origenis
232 238 266 271 in
290 236 504 278 Zachariam
535 236 626 269 istud
662 248 743 268 vcro
776 235 818 268 de
853 233 922 280 ejus
957 233 1187 267 voluminibus

51 301 86 335 in
110 299 331 334 Malachiam:
348 299 377 344 ¹)
406 297 570 343 »Scripsit
598 297 631 331 in
663 297 754 330 hunc
786 296 910 330 librum
936 295 1100 338 Origenes
1124 295 1189 328 tria

52 362 235 402 volumina,
260 361 320 395 sed
343 359 516 393 historiam
543 359 684 392 omnino
710 372 778 392 non
802 358 923 400 tetigit,
949 366 982 390 et
1005 370 1101 391 more
1125 370 1186 390 suo

50 433 141 458 totus
167 425 201 457 in
222 421 403 465 allegoriae
428 421 709 467 interpretatione
734 429 883 454 versatus
908 429 988 453 est.«

140 486 214 520 VII.
260 485 315 517 De
341 483 498 526 origenis
520 482 708 526 Exegeticis
733 483 766 516 in
794 482 1004 515 Matthaeum
1028 481 1063 514 id
1087 481 1189 514 habet

52 559 189 594 quoque
227 545 517 592 Hieronymus:²)
563 545 714 588 »Legisse
746 556 801 576 me
832 544 944 576 fateor
975 552 1050 576 ante
1083 556 1188 577 annos

52 610 218 655 plurimos
249 608 284 640 in
313 608 523 641 Matthaeum
560 606 716 648 origenis
757 605 876 647 viginti
910 605 1057 650 quinque
1090 606 1189 639 volu-

51 671 160 711 mina,
192 679 225 703 et
255 669 402 703 totidem
433 668 503 715 ejus
533 668 710 707 Homilias,
743 667 1062 712 Commaticumque
1085 667 1190 700 inter-

51 731 250 778 pretationis
274 744 421 774 genusz«
447 731 513 763 hoc
538 739 608 775 est,
633 729 925 769 Commentarios,
951 729 1130 770 Homilias,
1156 740 1190 763 et

51 794 198 829 Scholia.
247 788 411 827 Totidem
444 793 515 839 ejus
547 791 819 826 Commentarios
842 801 1000 825 numerat
1022 792 1189 826 Eusebius

53 857 128 892 libr.
143 857 201 890 VI.
225 855 354 890 Histor.
380 869 450 901 cap.
466 855 520 891 36.
561 854 783 899 Quapropter
796 855 959 888 mendosa
985 867 1055 888 esse
1080 854 1188 900 liquet

52 919 134 952 haec
159 919 262 951 verba
287 931 304 951 e
328 917 479 961 Prologo
504 916 723 965 Hieronymi,
755 916 814 962 qui
844 917 1013 962 praefixus
1041 926 1090 950 est
1115 917 1191 951 lati-

50 994 113 1014 nae
143 979 417 1027 interpretationi
447 979 677 1013 Homiliarum
709 978 865 1022 Origenis
897 979 932 1012 in
956 979 1098 1012 Lucam:
1132 978 1192 1012 »Si

55 1043 194 1089 quidem
216 1042 324 1084 illud,
356 1042 450 1087 quod
476 1041 561 1074 olim
583 1042 715 1074 Romae
740 1050 852 1074 sancta
875 1040 1038 1074 Blaesilla
1062 1041 1190 1083 flagita-

54 1115 162 1147 verat,
200 1114 238 1137 ut
262 1104 315 1140 36.
356 1104 486 1136 Tomos
518 1102 609 1135 illius
645 1102 681 1135 in
711 1103 939 1143 Matthaeum‚
975 1112 1009 1135 et
1041 1102 1190 1148 quinque

54 1167 139 1200 alios
163 1167 198 1200 in
221 1167 357 1206 Lucam,
383 1175 416 1198 et
440 1165 493 1200 39.
518 1164 553 1198 in
575 1164 742 1198 Joannem
766 1173 900 1197 nostrae
925 1164 1056 1206 linguae
1080 1166 1192 1198 trade-

53 1242 157 1263 rem.«
194 1229 390 1271 Legendum
409 1227 517 1260 enim:
543 1226 619 1261 »25.
644 1227 774 1260 Tomos
789 1226 880 1259 illius
896 1225 930 1258 in
945 1226 1189 1261 Mat¹,haeum.«

56 1292 260 1336 Corruptam
287 1290 471 1323 lectionem
502 1288 659 1322 Erasmus
691 1289 725 1322 in
760 1288 899 1328 Censur,
936 1288 1011 1320 libr.
1039 1288 1190 1331 Origen.,

54 1353 167 1388 Sixtus
191 1351 348 1387 Senensis
371 1351 538 1385 Biblioth.
564 1350 640 1385 libr.
666 1351 745 1390 IV.‚
770 1359 803 1383 et
826 1350 937 1383 Josias
962 1349 1126 1384 Simlerus
1152 1364 1190 1384 ac

54 1416 231 1449 conradus
254 1414 384 1448 Frisius
407 1413 443 1446 in
465 1413 557 1459 Epit.
584 1413 673 1446 Bibl.
688 1412 828 1446 Gesner.
846 1412 952 1445 secuti
969 1422 1056 1445 sunt.
1092 1413 1192 1446 Men*

54 1479 136 1512 dosa
173 1490 310 1523 quoque
344 1476 405 1509 illa
435 1476 470 1509 in
500 1476 615 1509 Rufini
640 1474 813 1509 Invectiva
836 1474 868 1509 2.
900 1474 934 1507 in
959 1474 1119 1516 Hieron„
1154 1476 1191 1509 in

55 1541 176 1587 quihus
200 1539 319 1583 viginti
349 1552 404 1572 sex
429 1538 584 1581 Origenis
617 1537 651 1570 in
676 1537 887 1570 Matthaeum
911 1536 1017 1570 libros
1043 1538 1083 1570 ab
1108 1537 1190 1571 Hie-

52 1616 194 1650 ronymo
230 1611 515 1635 commemoratos
546 1600 647 1633 fuisse
680 1600 801 1642 refert3
842 1612 942 1644 quem
968 1599 1068 1633 etiam
1095 1613 1189 1633 erro-

53 1680 124 1700 rem
149 1675 281 1699 secutus
308 1673 356 1697 est
381 1664 578 1697 Vincentius
604 1661 854 1695 Bellovacensis
886 1662 1023 1707 Specul.
1049 1663 1189 1696 Doctri-

52 1730 116 1764 nal.
149 1728 225 1763 libr,
259 1727 310 1763 18.
351 1740 422 1772 cap.
455 1726 510 1761 43.
557 1725 688 1758 Bonam
719 1724 860 1757 illorum
889 1734 1021 1770 partem
1057 1726 1187 1759 Graece

51 1790 393 1838 repraesentavimus,
426 1789 605 1822 meliorem
642 1797 776 1833 tempus
808 1787 1002 1822 consumsit.
1061 1789 1186 1822 Misere

53 1867 133 1888 vero
159 1854 348 1887 deformata
371 1861 457 1893 sunt,
482 1864 566 1897 quae
592 1849 703 1884 latinis
729 1850 934 1884 editionibus
959 1850 1184 1885 continentur.

53 1917 142 1951 Inter
166 1915 345 1956 Homilias,
373 1927 457 1959 quae
485 1912 539 1946 »in
561 1913 730 1946 diversos«
758 1912 894 1946 inscribi
918 1914 1040 1955 solent,
1057 1906 1188 1960 septem

56 1979 141 2012 circa
164 1977 327 2013 Matthaei
359 1975 673 2021 interpretationem
708 1985 899 2016 versantur,
934 1977 993 2009 sed
1024 1978 1185 2022 quoniam

56 2040 174 2074 incerti
198 2050 274 2074 sunt
298 2039 444 2073 auctoris
471 2048 503 2072 et
527 2038 618 2079 fidei,
643 2051 705 2072 suo
731 2038 810 2072 loco
838 2038 1056 2076 excutientur.

151 2232 182 2275 ¹)
210 2231 282 2265 Cfr.
305 2231 503 2280 Hieronym.
527 2232 688 2267 Prooem.
714 2233 905 2268 comment.
932 2231 965 2264 in
990 2230 1135 2265 Malach.

147 2290 181 2338 ²)
208 2288 275 2328 Csr.
300 2289 439 2328 Hieron.
464 2289 623 2329 Proocm.
650 2291 842 2329 Comment.
868 2289 901 2323 in
930 2287 1050 2327 Mattlt.
