1422 2472
363 80 676 114 Omoemmonnm
708 80 822 113 Lmen
849 81 910 114 III.
1135 80 1202 116 253

65 183 158 213 ager,
183 169 276 214 quod
303 169 336 202 in
363 182 403 201 eo
431 169 560 214 aliquid
586 178 717 211 agatur,
743 170 797 202 vel
822 169 901 202 villa
929 183 946 202 a
970 169 1203 203 circumvalla-

63 232 156 265 tione
181 231 319 272 limitis,
353 232 416 264 hoc
442 240 507 271 est,
539 230 730 264 munitione
763 231 936 264 custodiae
960 245 1085 264 nomen
1109 245 1203 265 acce-

63 294 162 338 perit,
188 306 334 336 congrue
361 292 611 337 dispensatione
639 293 745 326 carnis
771 293 832 325 illo
858 294 1021 335 ingressus
1047 293 1203 326 asseritur

62 355 244 396 Dominus,
271 368 339 400 quo
358 368 420 400 per
436 353 581 387 Deitatis
607 364 740 399 portam
767 355 1008 387 circumdando
1034 355 1202 388 attrahens

64 418 106 450 ad
141 417 375 451 credulitatem
408 416 621 455 incredulos,
659 426 692 449 et
724 416 874 449 sanitatis
903 417 1102 449 miraculum
1135 426 1205 450 erat

64 489 228 512 acturus.«
280 480 308 511 A
333 478 463 522 primae
488 477 661 510 Homiliae
686 477 765 510 stilo
791 491 911 523 parum
937 478 1098 512 dissentit.

154 541 255 574 Sexta
278 539 430 573 Homilia
462 539 608 584 primae,
640 541 777 580 tertiae,
809 549 964 585 quartae,
994 553 1032 572 ac
1058 540 1202 584 quintae,

63 603 122 635 sed
145 602 262 635 tertiae
287 601 501 646 potissimum
527 600 646 633 similis
671 610 720 633 est
743 601 844 642 stilo,
870 601 1001 643 figuris,
1037 602 1202 642 clausula;

63 665 153 697 unde
177 677 195 696 a
208 663 328 696 Latino
346 676 483 708 quoque
503 663 641 695 homine
659 662 818 707 scriptam
836 663 1046 697 arbitramur.
1082 664 1153 696 Nec
1171 664 1201 707 ¹)

63 726 161 759 aliter
184 726 226 758 de
250 724 393 769 septima
418 724 616 769 judicamus,
648 724 727 757 licet
744 725 892 757 clausula
910 734 1028 757 careat.
1068 725 1204 758 Utram-

64 788 176 833 que2)
202 792 430 832 repraesentat
454 785 705 818 Lectionarium
732 787 905 830 quoddam
923 786 1047 828 Regiae
1071 786 1203 819 Biblio-

65 935 145 955 vero
171 921 395 954 descendente
422 933 462 952 eo
488 920 530 952 de
555 928 683 960 monte,
710 920 828 952 turbae
853 929 986 953 secutae
1012 930 1088 953 sunt
1113 934 1203 962 eum,

64 990 149 1023 quae
172 977 206 1010 in
231 985 384 1008 montem
419 976 623 1008 adscendere
655 989 723 1008 non
755 985 942 1020 potuerunt
966 986 1002 1009 ut
1027 977 1114 1021 pigri
1140 991 1204 1022 po-

64 1034 155 1079 puli,
193 1042 230 1065 ut
263 1032 487 1073 negligentes,
523 1041 560 1064 ut
591 1031 794 1076 imperfecti.
852 1033 901 1064 Ita
943 1042 977 1065 et
1007 1033 1070 1065 filii
1101 1035 1202 1066 Israell

64 1090 219 1135 primitus
251 1088 287 1120 in
318 1097 470 1119 montem
501 1088 705 1120 adscendere
736 1100 805 1120 non
837 1088 1033 1121 valuerunt:
1069 1091 1111 1122 ad
1144 1091 1204 1122 ob-

64 1146 223 1178 viandum
236 1145 314 1177 Deo
339 1156 479 1188 pergere
502 1156 571 1175 non
596 1152 784 1188 potuerunt
807 1152 950 1188 propter
975 1157 1068 1177 suam
1092 1145 1206 1178 irreli-

64 1201 256 1245 giositatem
289 1209 321 1232 et
350 1199 578 1244 impietatem,
614 1199 673 1231 sed
705 1200 797 1232 solus
830 1200 990 1239 Moses,«
1029 1210 1092 1235 etc.
1146 1201 1203 1235 Sic

66 1259 209 1304 denique
242 1267 274 1290 et
298 1257 397 1295 haec,
432 1265 465 1287 et
488 1255 573 1288 aliae
606 1256 788 1300 pleraeque
813 1255 1005 1295 Homffiae,
1038 1270 1117 1301 quas
1141 1259 1204 1291 sub

65 1313 220 1356 Origenis
236 1312 375 1345 nomine
389 1311 555 1344 Merlinus
574 1311 693 1350 edidit,
711 1320 945 1355 praeterquam
965 1313 1056 1357 quod
1074 1315 1204 1346 mendis

63 1370 189 1415 ubique
214 1377 354 1407 scatent,
379 1381 415 1399 ac
442 1368 569 1400 lacunis
594 1366 778 1399 innumeris
803 1366 949 1407 inhiant,
974 1368 1123 1412 plurima
1149 1370 1204 1402 lia-

64 1428 145 1459 bent
176 1426 318 1463 intexta,
353 1437 436 1469 quae
469 1424 503 1456 in
529 1424 611 1456 Mss.
638 1422 850 1456 Homiliariis
881 1424 979 1456 aliter
1011 1438 1204 1470 repraesen-

64 1492 187 1515 tantur.
232 1481 275 1513 R.

160 1540 189 1579 ¹)
216 1536 309 1570 Male
349 1535 403 1568 hic
443 1535 570 1581 judicat
602 1535 764 1575 Huetius,
797 1545 833 1567 ut
870 1535 955 1568 infra
996 1537 1205 1570 demonstra-

64 1595 187 1628 bimus.
234 1593 274 1625 R.

156 1649 191 1694 ²)
218 1648 353 1682 Sextam
378 1647 496 1679 itidem
523 1647 584 1678 sub
610 1646 767 1689 Origenis
791 1648 929 1680 nomine
953 1658 1204 1692 repraesentant

64 1715 210 1752 quatuor
232 1705 333 1743 Mss.‚
367 1716 452 1748 quos
477 1702 641 1741 vidimus,
673 1703 836 1742 Codices,
869 1703 954 1736 alter
980 1705 1204 1738 Maceriarum

65 1761 205 1796 Ordinis
224 1759 467 1798 Cisterciensis‚
493 1758 578 1790 alter
604 1758 814 1792 Cathedralis
840 1759 1000 1792 ecclesiae
1026 1760 1204 1793 Turonen-

65 1819 126 1858 sis,
159 1827 192 1851 et
226 1817 294 1849 duo
329 1814 546 1848 vetustissimi
572 1814 754 1847 Thuanaei.
804 1816 1070 1859 Repraesentant
1102 1818 1203 1850 etiam

64 1872 305 1906 Homiliarium
337 1872 378 1904 ab
412 1871 577 1910 Alcuin0‚
616 1884 675 1903 seu
701 1871 824 1903 Albino
850 1871 976 1904 Flacco
1008 1873 1203 1914 collectum,

66 1929 232 1963 Coloniae
258 1928 386 1961 editum
413 1941 501 1960 anno
529 1927 627 1961 1576.
652 1939 726 1971 pag.
753 1926 841 1966 162„
866 1927 1009 1960 alterum
1035 1929 1204 1962 Homilia-

64 1985 152 2018 rium
175 1984 327 2017 Basileae
352 1985 524 2026 vulgatum
550 1996 638 2016 anno
666 1982 763 2018 1493.
788 1983 850 2018 fol.
876 1983 948 2023 4Ο.,
974 1993 1007 2016 et
1032 1985 1204 2018 Combefi-

66 2040 133 2073 sius
156 2039 391 2073 Bibliothecae
417 2038 692 2073 concionatoriae
718 2039 817 2072 Tom.
838 2040 863 2071 l.
890 2052 963 2083 pag.
987 2040 1061 2075 740.
1109 2042 1204 2075 Hanc

67 2108 203 2141 quoque
226 2097 289 2128 sub
312 2096 426 2129 Bedae
457 2096 595 2129 nomine
626 2094 761 2128 exhibet
793 2094 951 2127 dominus
974 2105 1091 2129 noster
1115 2097 1206 2130 Mar-

66 2151 175 2184 cenius
199 2151 358 2185 Thesaur.
386 2153 549 2185 Anecdot.
575 2152 674 2185 Tom.
694 2151 732 2184 V.
760 2151 823 2185 col.
841 2150 936 2192 378„
970 2165 1037 2184 uno
1064 2152 1204 2198 Maioris

66 2206 266 2240 Monasterii
290 2220 399 2251 prope
425 2208 580 2241 Turones
607 2207 736 2240 Codice
768 2207 890 2247 fultus,
924 2209 980 2251 qui
1007 2209 1120 2241 Bedae
1145 2223 1205 2242 uo-

68 2276 145 2296 men
169 2264 203 2295 in
228 2263 338 2295 fronte
363 2265 522 2307 praefert.
570 2265 608 2297 R.
