1422 2472
413 84 730 119 Onmnmmonum
767 88 880 122 Lim-:R
907 90 950 123 ΙΙ.
1032 136 1044 146 ,
1174 93 1218 128 83

167 170 228 204 XI.
275 172 425 205 Assensit
451 175 605 207 credulus
630 175 833 221 imperator,
868 187 901 211 et
931 179 1022 224 pacis
1047 180 1083 213 in
1107 183 1216 215 eccle-

78 232 126 264 sia
150 232 380 267 conciliandae
406 236 548 280 cupidus
569 236 728 271 Edictum
746 240 964 274 aTheodoro
980 241 1104 276 Ascida
1133 257 1214 277 con-

76 293 195 327 fictum
219 308 280 328 suo
304 296 443 329 nomine
467 299 676 342 promulgari
703 314 817 345 passus
841 312 903 345 est,
926 303 1071 337 Romam
1095 317 1211 339 recens

73 356 232 400 profecto
263 357 403 400 Pelagio
444 358 606 399 diacono,
645 371 826 407 postquam
859 365 954 409 apud
981 365 1210 400 Justinianum

71 417 283 461 apocrisiarii
306 432 446 452 munere
470 420 604 454 functus
630 432 688 456 est.
736 425 811 458 Hoc
833 425 958 459 Edicto
982 429 1159 462 anathema
1182 428 1210 462 is

72 491 143 511 esse
168 479 315 524 jubetur,
340 481 399 527 qui
424 482 648 517 Theodorum
673 486 974 531 Mopsuestenum,
999 489 1057 533 qui
1082 490 1208 535 episto—

69 540 138 573 lam
160 542 203 574 ad
225 542 337 575 Marin
350 542 488 576 Persam
509 544 726 587 haereticum,
751 560 852 592 quam
874 549 948 582 lbas
969 551 1206 596 conscripsisse

69 602 193 644 fertur,
224 603 350 649 quique
382 606 508 650 scripta
537 606 751 641 Theodoreti
783 610 943 643 adversus
974 611 1140 658 Cyrillum
1172 623 1205 646 et

70 664 253 697 duodecim
278 665 349 711 ejus
374 667 540 712 Capitula,
565 669 765 704 defenderit.
814 672 940 705 Verum
962 685 1147 718 perparum
1170 674 1206 707 id

68 725 179 758 valere
210 726 400 771 intelligens
441 729 643 775 imperator,
682 732 747 765 nisi
788 734 1030 779 episcoporum
1060 736 1205 769 subscri-

65 786 184 831 ptione
216 788 284 821 vim
316 803 355 822 ac
385 793 491 824 robur
523 792 783 837 adipisceretur,
816 796 943 830 multos
967 798 1008 830 ad
1033 810 1203 831 assensum

64 849 245 892 pertraxit3
267 852 379 892 multi,
405 855 497 897 quod
521 855 610 887 salva
635 857 756 902 synodi
777 856 1063 892 Chalcedonensis
1084 870 1203 894 aucto-

64 909 162 943 ritate
188 911 346 957 Capitula
370 914 452 948 haec
477 917 672 950 labefactari
694 931 765 952 non
789 932 901 964 posse,
926 930 959 953 et
985 921 1020 955 in
1046 923 1199 956 ecclesia-

63 971 156 1005 sticis
177 974 278 1006 rebus
302 974 441 1021 insuper
465 978 653 1012 habendam
683 993 753 1013 esse
785 981 999 1026 imperatoris
1022 985 1203 1018 auctorita-

63 1042 134 1066 tem
159 1036 344 1077 crederent,
369 1040 562 1073 consentire
585 1051 778 1076 renuerunt.
825 1044 985 1086 vigilium
1003 1045 1114 1090 ipsum
1131 1048 1201 1081 Ro-

62 1107 199 1129 manum
222 1099 443 1141 pontificem,
469 1114 506 1134 ea
530 1111 683 1136 tuentem
708 1104 883 1149 Capitula,
903 1107 1199 1153 Constantinopo-

63 1156 111 1189 lin
151 1159 292 1192 accersit
326 1160 552 1205 Justinianus3
587 1164 787 1198 sententiam
820 1176 917 1208 rogat
951 1181 1053 1213 super
1090 1170 1197 1203 tribus

63 1217 248 1263 Capitulis:
279 1222 515 1264 tergiversatur
545 1225 720 1268 pontifex;
761 1227 944 1273 episcopos
977 1231 1107 1272 XXX.,
1139 1233 1197 1277 qui

61 1280 219 1321 aderant,
258 1282 292 1314 in
322 1285 490 1328 synodum
523 1286 671 1329 colligit;
705 1298 738 1321 et
768 1289 853 1334 quid
882 1290 1024 1336 quisque
1046 1293 1197 1334 sentiret,

58 1340 186 1386 scripto
211 1343 311 1376 edere
335 1344 447 1389 jubet;
479 1348 687 1393 demumque
717 1350 750 1383 in
781 1351 963 1387 Justiniani
994 1355 1195 1388 sententiam

59 1404 234 1447 concedit;
264 1414 298 1438 et
328 1418 417 1440 anno
442 1408 518 1443 548.
545 1410 718 1444 decretum
745 1412 832 1455 edit,
858 1415 951 1459 quod
974 1413 1194 1450 ,Iudicatum

58 1466 261 1509 appellatur,
284 1480 393 1513 eoque
419 1470 482 1503 tria
504 1484 538 1504 se
564 1473 723 1507 damnare
740 1474 897 1519 Capitula
922 1476 1078 1517 declarat,
1103 1479 1193 1512 salva

54 1528 177 1573 synodi
203 1529 487 1565 Chalcedonensis
511 1534 721 1569 auctoritate.
768 1536 858 1570 Hinc
881 1545 994 1571 tamen
1018 1539 1195 1577 schismata

55 1588 164 1623 multa
187 1591 331 1625 conflata
354 1602 442 1634 sunt,
468 1607 544 1627 cum
567 1597 689 1641 synodi
707 1597 805 1643 hujus
818 1600 1041 1633 reverentiam
1066 1611 1100 1634 et
1124 1615 1193 1635 ma-

53 1649 208 1695 jestatem
231 1665 251 1685 a
274 1654 430 1688 Romano
456 1657 618 1700 pontifice
643 1658 800 1692 violatam
832 1662 985 1706 episcopi
1010 1663 1191 1708 praecipue

57 1711 254 1748 Occidentis
280 1715 527 1760 existimarent;
560 1720 712 1763 quamvis
740 1722 871 1763 urgenti
903 1723 1116 1765 Justinian0‚
1153 1736 1191 1759 ut

54 1775 180 1819 absque
205 1777 275 1810 ulla
298 1779 420 1824 synodi
444 1780 542 1825 liujus
566 1782 738 1815 mentione
762 1783 797 1816 in
821 1784 924 1817 trium
951 1784 1189 1830 capitulorum

54 1836 305 1873 damnationem
330 1841 552 1882 consentiret,
584 1853 776 1879 constanter
806 1846 976 1880 restiterit.
1025 1848 1094 1881 Sed
1118 1858 1189 1883 tan-

53 1898 131 1932 dem
155 1900 199 1933 ad
220 1901 390 1935 saniorem
422 1913 569 1936 mentem
601 1906 741 1940 reversis
773 1907 875 1941 Mena
899 1908 1188 1956 Constantinopo-

54 1959 171 2003 litano,
196 1972 230 1995 et
253 1963 438 1997 Theodoro
466 1965 688 2008 Caesariensi,
714 1981 798 2013 quos
824 1982 842 2002 a
865 1983 924 2003 sua
948 1973 1186 2006 communione

53 2033 244 2057 removerat
257 2025 409 2067 vigilius,
434 2036 468 2059 et
492 2029 657 2071 abrogatis
682 2029 764 2063 item
787 2030 928 2072 Edictis,
952 2046 1037 2077 quae
1062 2034 1105 2067 de
1129 2036 1186 2067 tri-

53 2082 116 2114 bus
147 2082 311 2129 Capitulis
339 2088 573 2132 publicaverat
597 2091 823 2132 Justinianus,
858 2093 985 2138 placuit
1017 2095 1182 2138 legitimae

53 2142 186 2188 synodo
211 2150 444 2189 quaestionum
477 2151 612 2186 illarum
645 2153 927 2199 disceptationem
950 2165 984 2189 et
1007 2156 1182 2190 arbitrium

51 2205 217 2248 permitti.

142 2267 217 2301 xli.
244 2269 507 2311 origenistarum
541 2275 673 2310 interim
707 2285 797 2311 secta
828 2277 863 2310 in
893 2278 1080 2313 Palaestina
1111 2293 1183 2312 rur-

862 2339 915 2371 6.
