1422 2472
356 91 429 116 PRO
457 81 626 116 officim
652 82 874 116 Anmom'mo.
1119 79 1186 116 273

51 181 189 214 prorsus
214 182 291 204 cum
315 172 496 218 Pamphilo
530 183 564 206 et
586 173 736 207 Eusebio
771 172 953 215 Origenem
981 170 1188 204 defendendi

50 231 218 266 rationem
243 244 397 268 secutum
422 248 502 269 esse.
549 235 724 281 Numquid
749 248 830 268 vero
848 234 992 267 Arianus
1015 233 1081 267 fuit
1093 234 1189 278 Apo-

52 293 199 337 logista?
221 296 315 330 Nihil
339 297 458 331 minus.
504 299 590 331 Nam
615 298 687 343 ipse
712 297 865 338 Photius,
890 297 948 342 qui
965 295 1094 342 alioqui
1115 296 1189 341 ple-

51 370 176 403 rosque
209 359 364 403 Origenis
398 373 527 393 errores
559 360 611 393 illi
639 359 770 401 tribuit,
807 359 930 393 diserte
963 359 1064 401 dicit,
1096 359 1190 404 quod

50 423 136 467 περὶ
160 424 220 466 τῆς
244 422 351 469 ἁγίας
386 421 544 468 Τριάὸος
575 423 685 458 οὐδὲν
708 425 781 459 τῶν
806 423 1051 469 ἐσφαλμένων
1081 425 1190 469 λέγει.

54 483 243 527 Quomodo
276 496 389 520 autem
421 485 606 528 Origenem
638 485 793 519 defendit
824 485 966 519 auctor?
1005 486 1104 530 Φησὶ
1136 484 1189 530 δὲ,

52 545 164 592 inquit
194 548 358 589 Photius,
393 551 454 584 καὶ
488 551 574 596 περὶ
603 550 665 584 τοῦ
688 548 899 595 Ὠριγένους
929 549 1047 594 μηδὲν
1079 546 1192 583 αὐτὸν

54 609 144 646 κατᾱ
171 610 283 651 δόξαν
308 610 497 658 ἐσφάλθαι
520 613 606 657 περὶ
629 613 689 654 τῆς
715 609 885 657 Τριάὸος.
924 611 984 644 Ait
1007 623 1086 644 mox
1099 610 1193 643 Pho·

52 671 131 714 tius,
154 673 357 719 scriptorem
381 675 479 708 illum
505 674 700 721 quindecim
735 675 844 720 capita
876 673 1017 716 Origeni
1049 672 1192 719 objecta,

54 748 201 781 quorum
225 737 289 770 tria
312 737 433 782 prima,
460 737 632 771 decimum
655 737 794 770 tertium
827 746 862 770 et
892 736 1051 769 ultimum
1075 736 1119 769 ad
1142 749 1194 768 ar-

51 798 198 833 ticulum
223 801 265 833 de
289 788 455 835 Trinitate
479 799 668 846 pertinent,
701 801 862 846 probasse
889 798 1062 845 διαβολὰς
1086 795 1192 845 εἶναι,

54 861 95 897 ἐκ
125 865 199 898 τῶν
223 866 287 899 τοῦ
319 862 431 899 αὐτοῦ
465 864 606 899 ἐκείνου
639 860 942 910 συγγραμμάτων
967 859 1196 907 ποιούμενον

53 924 138 965 τοὺς
169 926 347 972 ἐλέγχους.
401 927 555 960 Eandem
585 927 687 972 plane
723 926 891 960 rationem
922 938 960 958 ae
991 924 1194 958 methodum

54 997 164 1020 servat
196 989 367 1034 Apologia
399 990 460 1022 sub
491 989 664 1034 Pamphili
694 989 836 1022 nomine
872 1002 892 1021 a
929 987 1055 1020 Rufino
1095 986 1196 1020 edita.

55 1051 143 1085 Sane
169 1064 208 1084 ex
231 1051 283 1084 his
307 1051 395 1084 illud
419 1053 540 1085 saltem
564 1051 721 1093 efficitur,
746 1064 765 1083 a
791 1050 923 1083 Graeco
947 1049 1115 1094 scriptore
1139 1062 1197 1082 ve-

56 1114 138 1154 teri,
173 1113 232 1159 qui
260 1114 295 1147 in
329 1114 472 1148 articulo
499 1115 540 1147 de
566 1115 602 1148 S.
627 1113 812 1153 Trinitate‚
838 1112 892 1144 vel
918 1111 1045 1145 Photio
1069 1110 1195 1158 judice,

57 1175 252 1209 Catholicus
284 1176 370 1216 fuit,
413 1177 512 1209 allata
544 1175 646 1209 fuisse
679 1189 718 1208 ex
748 1174 828 1220 ipsis
861 1174 1017 1216 Origenis
1048 1174 1196 1219 scriptis,

55 1248 161 1284 prout
183 1248 256 1272 tum
281 1238 412 1272 Graece
437 1247 615 1279 exstarent,
639 1236 847 1278 testimonia,
872 1249 957 1281 quae
979 1236 1196 1270 catholicum

55 1302 183 1347 pariter
215 1301 318 1336 fuisse
351 1301 386 1335 in
418 1302 541 1335 eodem
572 1299 716 1334 articulo
750 1299 933 1342 Origenem
967 1299 1196 1341 ostenderent,

56 1373 157 1410 atque
187 1364 253 1398 hoc
284 1364 404 1398 secisse
437 1373 612 1397 auctorem
645 1362 746 1395 illum
781 1361 954 1406 Pamphili
982 1361 1138 1408 martyris
1163 1371 1197 1394 et

56 1427 197 1461 Eusehii
211 1427 381 1473 exemplo,
406 1438 592 1471 eorumque
608 1425 755 1468 vestigiis
770 1424 1010 1459 insistentem.«
1053 1425 1117 1457 III.
1130 1424 1198 1456 Ve-

58 1489 200 1523 risimile
224 1503 293 1524 non
320 1499 379 1530 cst,
404 1487 470 1535 jam
493 1499 568 1522 tum
593 1488 635 1521 ad
660 1487 817 1521 Arianam
847 1486 1001 1520 haeresin
1033 1485 1198 1520 defecisse

58 1552 257 1593 Eusebium,
283 1566 359 1586 cum
384 1552 417 1585 in
442 1551 581 1594 gratiam
597 1549 755 1593 Origenis
778 1549 953 1583 scriberet.
996 1547 1082 1592 Quis
1107 1548 1199 1581 enim

60 1617 186 1656 credat,
210 1616 238 1649 si
262 1614 329 1661 jam
353 1624 426 1648 turn
451 1613 569 1647 suisset
595 1613 748 1653 Arianus,
772 1612 808 1644 id
831 1625 866 1645 se
891 1610 956 1645 sibi
981 1611 1198 1656 probandum

59 1678 243 1725 suscepisse
267 1680 308 1712 ab
334 1677 482 1719 Origene
507 1675 630 1716 statui,
656 1675 749 1720 quod
776 1674 943 1719 »aequalis
967 1673 1010 1707 sit
1034 1673 1198 1707 Trinitas:

61 1742 155 1787 quod
177 1754 248 1774 non
271 1754 376 1786 purus
401 1740 524 1780 homo,
556 1739 615 1772 sed
641 1737 775 1771 divinae
798 1745 937 1770 naturae
961 1736 1003 1770 sit
1030 1735 1199 1770 Christus:

63 1804 157 1849 quod
181 1813 271 1837 extra
294 1803 404 1837 ullum
428 1801 563 1835 initium
594 1801 638 1834 sit
668 1799 838 1843 generatio
870 1799 954 1832 Filii
984 1798 1070 1832 Dei:
1104 1800 1200 1844 quod

62 1879 132 1900 non
157 1866 200 1899 sit
221 1866 322 1899 Pater
346 1875 526 1911 antequam
550 1863 678 1904 Filius,
708 1862 767 1896 scd
801 1870 998 1894 coaeternus
1023 1861 1066 1895 sit
1088 1861 1199 1895 Filius

62 1927 173 1961 Patri:
200 1928 293 1973 quod
315 1941 384 1961 non
409 1940 472 1972 per
496 1925 727 1972 prolationem
751 1933 847 1957 natus
877 1924 921 1957 sit
943 1923 1071 1957 Filius:
1104 1925 1199 1970 quod

65 1989 297 2035 inseparabilis
321 1990 364 2023 sit
386 2003 405 2023 a
423 1990 543 2023 Patre:
569 1989 663 2034 quod
688 1988 806 2021 eadem
829 1987 872 2020 sit
895 1985 1201 2020 inconvertibilitas

64 2051 186 2092 Patris,
211 2060 244 2084 et
267 2051 361 2092 Filii,
386 2061 419 2086 et
443 2051 590 2097 Spiritus
615 2050 738 2085 sancti:
770 2050 864 2095 quod
894 2048 982 2082 sicut
1014 2049 1116 2082 Pater
1138 2062 1202 2082 no-

67 2113 116 2161 vit
140 2113 236 2147 initia
261 2114 411 2147 omnium
444 2124 478 2147 et
507 2115 610 2156 fines,
634 2113 683 2147 sic
707 2123 741 2147 et
763 2112 893 2152 Filius,
925 2111 972 2145 sic
998 2121 1031 2144 et
1055 2112 1202 2157 Spiritus

69 2186 218 2211 sanctus:
243 2177 334 2221 quod
361 2189 398 2210 ex
422 2176 500 2210 Deo
524 2177 626 2211 Patre
649 2186 747 2210 natus
771 2175 814 2209 sit
838 2174 958 2215 Filius,
983 2186 1021 2207 ac
1044 2174 1143 2208 unius
1168 2181 1202 2207 et

70 2238 220 2286 ejusdem
246 2252 321 2272 cum
351 2239 452 2272 Patre
484 2240 706 2273 substantiae:
742 2237 871 2271 alienus
903 2249 983 2269 vero
1011 2241 1033 2269 :s
1053 2237 1204 2270 substan-

69 2301 125 2334 tiis
150 2310 416 2341 creaturarum,«
443 2310 526 2342 etc„
564 2314 648 2348 quae
674 2315 691 2334 e
717 2300 883 2334 diametro
908 2298 1038 2333 haeresi
1061 2298 1204 2333 Arianae

116 2363 293 2399 Oaiossms
321 2363 458 2398 OPERA.
485 2363 582 2398 Tom.
607 2363 734 2399 XXIV.
963 2362 1006 2397 18
