<?xml version="1.0" encoding="UTF-8"?>
<!DOCTYPE html PUBLIC "-//W3C//DTD XHTML 1.0 Transitional//EN"
    "http://www.w3.org/TR/xhtml1/DTD/xhtml1-transitional.dtd">
<html xmlns="http://www.w3.org/1999/xhtml" xml:lang="en" lang="en">
 <head>
  <title>
</title>
<meta http-equiv="Content-Type" content="text/html;charset=utf-8" />
  <meta name='ocr-system' content='tesseract 3.04.00' />
  <meta name='ocr-capabilities' content='ocr_page ocr_carea ocr_par ocr_line ocrx_word'/>
</head>
<body>
  <div class='ocr_page' id='page_1' title='image "./operaomniaquaegr24orig/operaomniaquaegr24orig_0129.png"; bbox 0 0 1422 2472; ppageno 0'>
   <div class='ocr_carea' id='block_1_1' title="bbox 361 55 1201 97">
    <p class='ocr_par' dir='ltr' id='par_1_1' title="bbox 361 55 1201 97">
     <span class='ocr_line' id='line_1_1' title="bbox 361 55 1201 97; baseline 0.008 -7"><span class='ocrx_word' id='word_1_1' title='bbox 361 55 672 92; x_wconf 66' lang='lat' dir='ltr'>Omezmmonum</span> <span class='ocrx_word' id='word_1_2' title='bbox 698 57 813 92; x_wconf 65' lang='lat' dir='ltr'>Luam</span> <span class='ocrx_word' id='word_1_3' title='bbox 838 56 902 92; x_wconf 82' lang='grc' dir='ltr'>ΙΙΙ.</span> <span class='ocrx_word' id='word_1_4' title='bbox 1137 60 1201 97; x_wconf 90' lang='grc'>117</span> 
     </span>
    </p>
   </div>
   <div class='ocr_carea' id='block_1_2' title="bbox 29 146 1200 2312">
    <p class='ocr_par' dir='ltr' id='par_1_2' title="bbox 29 146 1200 2312">
     <span class='ocr_line' id='line_1_2' title="bbox 56 146 1200 194; baseline 0.003 -14"><span class='ocrx_word' id='word_1_5' title='bbox 56 148 110 180; x_wconf 84' lang='lat' dir='ltr'>hic</span> <span class='ocrx_word' id='word_1_6' title='bbox 133 147 290 192; x_wconf 72' lang='lat' dir='ltr'>scriptor,</span> <span class='ocrx_word' id='word_1_7' title='bbox 315 160 393 181; x_wconf 86' lang='lat' dir='ltr'>cum</span> <span class='ocrx_word' id='word_1_8' title='bbox 418 148 510 193; x_wconf 83' lang='lat' dir='ltr'>quod</span> <span class='ocrx_word' id='word_1_9' title='bbox 528 146 662 189; x_wconf 84' lang='lat' dir='ltr'>ingenio</span> <span class='ocrx_word' id='word_1_10' title='bbox 680 147 983 193; x_wconf 79' lang='lat' dir='ltr'>perspicacissimo,</span> <span class='ocrx_word' id='word_1_11' title='bbox 1010 158 1042 181; x_wconf 90' lang='lat' dir='ltr'>et</span> <span class='ocrx_word' id='word_1_12' title='bbox 1059 149 1200 194; x_wconf 84' lang='lat' dir='ltr'>optimis</span> 
     </span>
     <span class='ocr_line' id='line_1_3' title="bbox 57 209 1199 258; baseline 0.004 -16"><span class='ocrx_word' id='word_1_13' title='bbox 57 209 245 254; x_wconf 87' lang='lat' dir='ltr'>disciplinis</span> <span class='ocrx_word' id='word_1_14' title='bbox 271 209 483 242; x_wconf 74' lang='lat' dir='ltr'>omnifariam</span> <span class='ocrx_word' id='word_1_15' title='bbox 516 209 649 242; x_wconf 83' lang='lat' dir='ltr'>exculto</span> <span class='ocrx_word' id='word_1_16' title='bbox 680 209 852 254; x_wconf 86' lang='lat' dir='ltr'>praeditus</span> <span class='ocrx_word' id='word_1_17' title='bbox 884 209 966 250; x_wconf 83' lang='lat' dir='ltr'>suit,</span> <span class='ocrx_word' id='word_1_18' title='bbox 998 219 1071 244; x_wconf 86' lang='lat' dir='ltr'>tum</span> <span class='ocrx_word' id='word_1_19' title='bbox 1105 215 1199 258; x_wconf 89' lang='lat' dir='ltr'>quod</span> 
     </span>
     <span class='ocr_line' id='line_1_4' title="bbox 55 271 1200 320; baseline 0.003 -15"><span class='ocrx_word' id='word_1_20' title='bbox 55 273 215 317; x_wconf 86' lang='lat' dir='ltr'>improbo</span> <span class='ocrx_word' id='word_1_21' title='bbox 260 271 373 304; x_wconf 86' lang='lat' dir='ltr'>studio</span> <span class='ocrx_word' id='word_1_22' title='bbox 411 271 513 304; x_wconf 86' lang='lat' dir='ltr'>sacris</span> <span class='ocrx_word' id='word_1_23' title='bbox 557 271 787 305; x_wconf 77' lang='lat' dir='ltr'>monumentis</span> <span class='ocrx_word' id='word_1_24' title='bbox 830 271 1033 315; x_wconf 77' lang='lat' dir='ltr'>invigilavit,</span> <span class='ocrx_word' id='word_1_25' title='bbox 1069 274 1200 320; x_wconf 86' lang='lat' dir='ltr'>primus</span> 
     </span>
     <span class='ocr_line' id='line_1_5' title="bbox 55 332 1200 380; baseline 0.003 -13"><span class='ocrx_word' id='word_1_26' title='bbox 55 333 148 380; x_wconf 86' lang='lat' dir='ltr'>quasi</span> <span class='ocrx_word' id='word_1_27' title='bbox 173 333 315 376; x_wconf 76' lang='lat' dir='ltr'>glaciem</span> <span class='ocrx_word' id='word_1_28' title='bbox 340 333 439 366; x_wconf 81' lang='lat' dir='ltr'>scidit</span> <span class='ocrx_word' id='word_1_29' title='bbox 462 332 552 378; x_wconf 82' lang='lat' dir='ltr'>juxta</span> <span class='ocrx_word' id='word_1_30' title='bbox 576 333 816 378; x_wconf 74' lang='lat' dir='ltr'>proverbium,</span> <span class='ocrx_word' id='word_1_31' title='bbox 841 333 874 367; x_wconf 87' lang='lat' dir='ltr'>in</span> <span class='ocrx_word' id='word_1_32' title='bbox 901 335 1093 369; x_wconf 72' lang='lat' dir='ltr'>enarrandis</span> <span class='ocrx_word' id='word_1_33' title='bbox 1117 337 1200 370; x_wconf 85' lang='lat' dir='ltr'>scri-</span> 
     </span>
     <span class='ocr_line' id='line_1_6' title="bbox 53 394 1200 442; baseline 0.003 -14"><span class='ocrx_word' id='word_1_34' title='bbox 53 395 162 441; x_wconf 85' lang='lat' dir='ltr'>pturis</span> <span class='ocrx_word' id='word_1_35' title='bbox 186 395 316 429; x_wconf 75' lang='lat' dir='ltr'>divinis.</span> <span class='ocrx_word' id='word_1_36' title='bbox 355 394 452 439; x_wconf 83' lang='lat' dir='ltr'><strong>Quae</strong></span> <span class='ocrx_word' id='word_1_37' title='bbox 477 407 555 428; x_wconf 84' lang='lat' dir='ltr'>vera</span> <span class='ocrx_word' id='word_1_38' title='bbox 580 395 661 437; x_wconf 84' lang='lat' dir='ltr'>laus,</span> <span class='ocrx_word' id='word_1_39' title='bbox 688 407 856 441; x_wconf 84' lang='lat' dir='ltr'>quamque</span> <span class='ocrx_word' id='word_1_40' title='bbox 871 396 1010 442; x_wconf 83' lang='lat' dir='ltr'>copiosa</span> <span class='ocrx_word' id='word_1_41' title='bbox 1035 398 1200 433; x_wconf 77' lang='lat' dir='ltr'><strong>debeatur</strong></span> 
     </span>
     <span class='ocr_line' id='line_1_7' title="bbox 53 457 1200 504; baseline 0.003 -13"><span class='ocrx_word' id='word_1_42' title='bbox 53 457 174 503; x_wconf 86' lang='lat' dir='ltr'>primis</span> <span class='ocrx_word' id='word_1_43' title='bbox 205 457 393 504; x_wconf 85' lang='lat' dir='ltr'>quibusque</span> <span class='ocrx_word' id='word_1_44' title='bbox 428 470 542 491; x_wconf 87' lang='lat' dir='ltr'>rerum</span> <span class='ocrx_word' id='word_1_45' title='bbox 575 457 782 503; x_wconf 83' lang='lat' dir='ltr'>optimarum</span> <span class='ocrx_word' id='word_1_46' title='bbox 819 459 1034 500; x_wconf 84' lang='lat' dir='ltr'>auctoribus,</span> <span class='ocrx_word' id='word_1_47' title='bbox 1071 460 1200 494; x_wconf 85' lang='lat' dir='ltr'>nemini</span> 
     </span>
     <span class='ocr_line' id='line_1_8' title="bbox 55 519 1200 565; baseline 0.003 -12"><span class='ocrx_word' id='word_1_48' title='bbox 55 519 247 563; x_wconf 79' lang='lat' dir='ltr'>ambiguum</span> <span class='ocrx_word' id='word_1_49' title='bbox 281 528 367 553; x_wconf 87' lang='lat' dir='ltr'>est.«</span> <span class='ocrx_word' id='word_1_50' title='bbox 422 519 467 553; x_wconf 88' lang='lat' dir='ltr'>Et</span> <span class='ocrx_word' id='word_1_51' title='bbox 497 519 610 553; x_wconf 84' lang='lat' dir='ltr'>Sixtus</span> <span class='ocrx_word' id='word_1_52' title='bbox 647 519 803 554; x_wconf 84' lang='lat' dir='ltr'>Senensis</span> <span class='ocrx_word' id='word_1_53' title='bbox 836 519 912 555; x_wconf 83' lang='lat' dir='ltr'>libr.</span> <span class='ocrx_word' id='word_1_54' title='bbox 938 521 995 554; x_wconf 82' lang='lat' dir='ltr'>IV.</span> <span class='ocrx_word' id='word_1_55' title='bbox 1028 521 1200 565; x_wconf 63' lang='lat' dir='ltr'>biblioth„</span> 
     </span>
     <span class='ocr_line' id='line_1_9' title="bbox 54 580 1200 629; baseline 0.002 -14"><span class='ocrx_word' id='word_1_56' title='bbox 54 582 112 628; x_wconf 89' lang='lat' dir='ltr'>qui</span> <span class='ocrx_word' id='word_1_57' title='bbox 136 581 183 615; x_wconf 88' lang='lat' dir='ltr'>sic</span> <span class='ocrx_word' id='word_1_58' title='bbox 206 580 269 615; x_wconf 85' lang='lat' dir='ltr'>ait:</span> <span class='ocrx_word' id='word_1_59' title='bbox 307 580 396 614; x_wconf 83' lang='lat' dir='ltr'>»His</span> <span class='ocrx_word' id='word_1_60' title='bbox 419 580 587 614; x_wconf 83' lang='lat' dir='ltr'>similibus</span> <span class='ocrx_word' id='word_1_61' title='bbox 613 580 881 615; x_wconf 83' lang='lat' dir='ltr'>excitatiunculis</span> <span class='ocrx_word' id='word_1_62' title='bbox 906 582 1032 629; x_wconf 86' lang='lat' dir='ltr'>ubique</span> <span class='ocrx_word' id='word_1_63' title='bbox 1061 583 1111 616; x_wconf 86' lang='lat' dir='ltr'>uti</span> <span class='ocrx_word' id='word_1_64' title='bbox 1137 597 1200 618; x_wconf 83' lang='lat' dir='ltr'>vo·</span> 
     </span>
     <span class='ocr_line' id='line_1_10' title="bbox 54 642 1198 692; baseline 0.003 -15"><span class='ocrx_word' id='word_1_65' title='bbox 54 645 129 689; x_wconf 84' lang='lat' dir='ltr'>luit,</span> <span class='ocrx_word' id='word_1_66' title='bbox 154 653 258 689; x_wconf 87' lang='lat' dir='ltr'>prout</span> <span class='ocrx_word' id='word_1_67' title='bbox 284 644 426 677; x_wconf 76' lang='lat' dir='ltr'>decebat</span> <span class='ocrx_word' id='word_1_68' title='bbox 451 642 625 676; x_wconf 81' lang='lat' dir='ltr'>hominem</span> <span class='ocrx_word' id='word_1_69' title='bbox 650 656 758 688; x_wconf 86' lang='lat' dir='ltr'>paene</span> <span class='ocrx_word' id='word_1_70' title='bbox 777 643 1053 690; x_wconf 71' lang='grc' dir='ltr'><em>αὐτοδίδακτον,</em></span> <span class='ocrx_word' id='word_1_71' title='bbox 1082 655 1115 679; x_wconf 77' lang='grc' dir='ltr'>ει</span> <span class='ocrx_word' id='word_1_72' title='bbox 1140 648 1198 692; x_wconf 88' lang='lat' dir='ltr'>qui</span> 
     </span>
     <span class='ocr_line' id='line_1_11' title="bbox 51 705 1197 752; baseline 0.001 -12"><span class='ocrx_word' id='word_1_73' title='bbox 51 706 179 752; x_wconf 89' lang='lat' dir='ltr'>primus</span> <span class='ocrx_word' id='word_1_74' title='bbox 204 719 372 749; x_wconf 76' lang='lat' dir='ltr'>aggressus</span> <span class='ocrx_word' id='word_1_75' title='bbox 399 714 484 738; x_wconf 90' lang='lat' dir='ltr'>esset</span> <span class='ocrx_word' id='word_1_76' title='bbox 515 705 786 750; x_wconf 79' lang='lat' dir='ltr'>explanationem</span> <span class='ocrx_word' id='word_1_77' title='bbox 820 706 972 740; x_wconf 84' lang='lat' dir='ltr'>omniurn</span> <span class='ocrx_word' id='word_1_78' title='bbox 1006 707 1197 741; x_wconf 86' lang='lat' dir='ltr'>divinarum</span> 
     </span>
     <span class='ocr_line' id='line_1_12' title="bbox 51 760 1198 814; baseline 0.001 -12"><span class='ocrx_word' id='word_1_79' title='bbox 51 769 321 814; x_wconf 86' lang='lat' dir='ltr'>Scripturarum‚</span> <span class='ocrx_word' id='word_1_80' title='bbox 354 760 505 800; x_wconf 83' lang='lat' dir='ltr'>nondum</span> <span class='ocrx_word' id='word_1_81' title='bbox 540 769 584 799; x_wconf 91' lang='lat' dir='ltr'>ob</span> <span class='ocrx_word' id='word_1_82' title='bbox 615 766 785 811; x_wconf 84' lang='lat' dir='ltr'>ingentem</span> <span class='ocrx_word' id='word_1_83' title='bbox 811 782 926 802; x_wconf 86' lang='lat' dir='ltr'>earum</span> <span class='ocrx_word' id='word_1_84' title='bbox 958 769 1198 804; x_wconf 82' lang='lat' dir='ltr'>difficultatem</span> 
     </span>
     <span class='ocr_line' id='line_1_13' title="bbox 51 830 1197 877; baseline 0.001 -13"><span class='ocrx_word' id='word_1_85' title='bbox 51 832 92 864; x_wconf 85' lang='lat' dir='ltr'>ab</span> <span class='ocrx_word' id='word_1_86' title='bbox 124 831 238 877; x_wconf 88' lang='lat' dir='ltr'>aliquo</span> <span class='ocrx_word' id='word_1_87' title='bbox 270 840 505 864; x_wconf 76' lang='lat' dir='ltr'>attentatam«</span> <span class='ocrx_word' id='word_1_88' title='bbox 553 830 599 863; x_wconf 87' lang='lat' dir='ltr'>Et</span> <span class='ocrx_word' id='word_1_89' title='bbox 631 830 870 865; x_wconf 82' lang='lat' dir='ltr'>Genebrardus</span> <span class='ocrx_word' id='word_1_90' title='bbox 901 832 937 865; x_wconf 88' lang='lat' dir='ltr'>in</span> <span class='ocrx_word' id='word_1_91' title='bbox 976 831 1123 877; x_wconf 85' lang='lat' dir='ltr'>epistola</span> <span class='ocrx_word' id='word_1_92' title='bbox 1153 834 1197 866; x_wconf 85' lang='lat' dir='ltr'>ad</span> 
     </span>
     <span class='ocr_line' id='line_1_14' title="bbox 53 892 1198 941; baseline 0.001 -14"><span class='ocrx_word' id='word_1_93' title='bbox 53 893 216 927; x_wconf 87' lang='lat' dir='ltr'>Carolum</span> <span class='ocrx_word' id='word_1_94' title='bbox 241 893 317 934; x_wconf 89' lang='grc' dir='ltr'>ΙΧ.,</span> <span class='ocrx_word' id='word_1_95' title='bbox 342 892 436 939; x_wconf 85' lang='lat' dir='ltr'>cujus</span> <span class='ocrx_word' id='word_1_96' title='bbox 460 893 542 926; x_wconf 83' lang='lat' dir='ltr'>haec</span> <span class='ocrx_word' id='word_1_97' title='bbox 566 893 669 926; x_wconf 86' lang='lat' dir='ltr'>verba</span> <span class='ocrx_word' id='word_1_98' title='bbox 693 903 787 928; x_wconf 85' lang='lat' dir='ltr'>sunt:</span> <span class='ocrx_word' id='word_1_99' title='bbox 839 893 1070 937; x_wconf 77' lang='lat' dir='ltr'>»Tlieologiae</span> <span class='ocrx_word' id='word_1_100' title='bbox 1094 894 1198 941; x_wconf 82' lang='lat' dir='ltr'>liqui-</span> 
     </span>
     <span class='ocr_line' id='line_1_15' title="bbox 50 955 1196 1002; baseline 0.002 -13"><span class='ocrx_word' id='word_1_101' title='bbox 50 956 220 989; x_wconf 85' lang='lat' dir='ltr'>dissimam</span> <span class='ocrx_word' id='word_1_102' title='bbox 245 955 351 989; x_wconf 85' lang='lat' dir='ltr'>veluti</span> <span class='ocrx_word' id='word_1_103' title='bbox 382 955 617 998; x_wconf 80' lang='lat' dir='ltr'>scaturiginem</span> <span class='ocrx_word' id='word_1_104' title='bbox 651 956 802 1002; x_wconf 87' lang='lat' dir='ltr'>aperuit,</span> <span class='ocrx_word' id='word_1_105' title='bbox 835 966 868 990; x_wconf 88' lang='lat' dir='ltr'>et</span> <span class='ocrx_word' id='word_1_106' title='bbox 901 970 978 990; x_wconf 90' lang='lat' dir='ltr'>cum</span> <span class='ocrx_word' id='word_1_107' title='bbox 1013 957 1101 999; x_wconf 85' lang='lat' dir='ltr'>frugi</span> <span class='ocrx_word' id='word_1_108' title='bbox 1133 957 1196 991; x_wconf 85' lang='lat' dir='ltr'>illo</span> 
     </span>
     <span class='ocr_line' id='line_1_16' title="bbox 52 1017 1193 1053; baseline 0.002 -2"><span class='ocrx_word' id='word_1_109' title='bbox 52 1018 245 1052; x_wconf 88' lang='lat' dir='ltr'>Salomonis</span> <span class='ocrx_word' id='word_1_110' title='bbox 265 1018 339 1050; x_wconf 67' lang='lat' dir='ltr'>viro</span> <span class='ocrx_word' id='word_1_111' title='bbox 359 1017 522 1050; x_wconf 76' lang='lat' dir='ltr'>derivavit</span> <span class='ocrx_word' id='word_1_112' title='bbox 547 1018 658 1050; x_wconf 85' lang='lat' dir='ltr'>fontes</span> <span class='ocrx_word' id='word_1_113' title='bbox 683 1031 762 1051; x_wconf 92' lang='lat' dir='ltr'>suos</span> <span class='ocrx_word' id='word_1_114' title='bbox 778 1019 904 1053; x_wconf 52' lang='lat' dir='ltr'>foras«</span> <span class='ocrx_word' id='word_1_115' title='bbox 943 1019 1033 1052; x_wconf 85' lang='lat' dir='ltr'>Tum</span> <span class='ocrx_word' id='word_1_116' title='bbox 1052 1019 1193 1053; x_wconf 87' lang='lat' dir='ltr'>deinde:</span> 
     </span>
     <span class='ocr_line' id='line_1_17' title="bbox 53 1079 1196 1126; baseline 0.003 -14"><span class='ocrx_word' id='word_1_117' title='bbox 53 1079 116 1113; x_wconf 71' lang='lat' dir='ltr'>»Et</span> <span class='ocrx_word' id='word_1_118' title='bbox 140 1092 217 1113; x_wconf 85' lang='lat' dir='ltr'>sane</span> <span class='ocrx_word' id='word_1_119' title='bbox 243 1079 406 1119; x_wconf 88' lang='lat' dir='ltr'>omnium,</span> <span class='ocrx_word' id='word_1_120' title='bbox 432 1092 577 1124; x_wconf 88' lang='lat' dir='ltr'>quorum</span> <span class='ocrx_word' id='word_1_121' title='bbox 603 1079 741 1124; x_wconf 89' lang='lat' dir='ltr'>quidem</span> <span class='ocrx_word' id='word_1_122' title='bbox 766 1080 800 1113; x_wconf 89' lang='lat' dir='ltr'>in</span> <span class='ocrx_word' id='word_1_123' title='bbox 819 1080 932 1113; x_wconf 85' lang='lat' dir='ltr'>divina</span> <span class='ocrx_word' id='word_1_124' title='bbox 948 1081 1072 1126; x_wconf 86' lang='lat' dir='ltr'>scripta</span> <span class='ocrx_word' id='word_1_125' title='bbox 1092 1081 1196 1115; x_wconf 90' lang='lat' dir='ltr'>Com-</span> 
     </span>
     <span class='ocr_line' id='line_1_18' title="bbox 51 1140 1197 1186; baseline 0.002 -12"><span class='ocrx_word' id='word_1_126' title='bbox 51 1141 209 1175; x_wconf 88' lang='lat' dir='ltr'>mentarii</span> <span class='ocrx_word' id='word_1_127' title='bbox 234 1150 379 1182; x_wconf 87' lang='lat' dir='ltr'>exstent,</span> <span class='ocrx_word' id='word_1_128' title='bbox 405 1141 469 1174; x_wconf 85' lang='lat' dir='ltr'>fuit</span> <span class='ocrx_word' id='word_1_129' title='bbox 494 1140 778 1186; x_wconf 84' lang='lat' dir='ltr'>antiquissimus.«</span> <span class='ocrx_word' id='word_1_130' title='bbox 827 1143 922 1175; x_wconf 87' lang='lat' dir='ltr'>Itane</span> <span class='ocrx_word' id='word_1_131' title='bbox 947 1142 1052 1175; x_wconf 82' lang='lat' dir='ltr'>vero?</span> <span class='ocrx_word' id='word_1_132' title='bbox 1100 1143 1197 1177; x_wconf 91' lang='lat' dir='ltr'>Anti-</span> 
     </span>
     <span class='ocr_line' id='line_1_19' title="bbox 51 1202 1194 1250; baseline 0.001 -13"><span class='ocrx_word' id='word_1_133' title='bbox 51 1204 194 1250; x_wconf 80' lang='lat' dir='ltr'>quiorne</span> <span class='ocrx_word' id='word_1_134' title='bbox 218 1203 383 1244; x_wconf 88' lang='lat' dir='ltr'>Philone,</span> <span class='ocrx_word' id='word_1_135' title='bbox 416 1203 473 1248; x_wconf 89' lang='lat' dir='ltr'>qui</span> <span class='ocrx_word' id='word_1_136' title='bbox 507 1212 559 1236; x_wconf 74' lang='lat' dir='ltr'>tot</span> <span class='ocrx_word' id='word_1_137' title='bbox 590 1202 721 1248; x_wconf 87' lang='lat' dir='ltr'>scriptis</span> <span class='ocrx_word' id='word_1_138' title='bbox 752 1203 924 1250; x_wconf 86' lang='lat' dir='ltr'>hodieque</span> <span class='ocrx_word' id='word_1_139' title='bbox 956 1204 1194 1249; x_wconf 76' lang='lat' dir='ltr'>superstitibus</span> 
     </span>
     <span class='ocr_line' id='line_1_20' title="bbox 52 1265 1195 1312; baseline 0.001 -13"><span class='ocrx_word' id='word_1_140' title='bbox 52 1266 245 1312; x_wconf 81' lang='lat' dir='ltr'>Scripturas</span> <span class='ocrx_word' id='word_1_141' title='bbox 270 1278 376 1299; x_wconf 86' lang='lat' dir='ltr'>sacras</span> <span class='ocrx_word' id='word_1_142' title='bbox 403 1265 617 1310; x_wconf 80' lang='lat' dir='ltr'>explanavit?</span> <span class='ocrx_word' id='word_1_143' title='bbox 663 1265 891 1311; x_wconf 86' lang='lat' dir='ltr'>Antiquiorne</span> <span class='ocrx_word' id='word_1_144' title='bbox 909 1266 1106 1312; x_wconf 84' lang='lat' dir='ltr'>Theophilo</span> <span class='ocrx_word' id='word_1_145' title='bbox 1125 1269 1195 1300; x_wconf 84' lang='lat' dir='ltr'>An-</span> 
     </span>
     <span class='ocr_line' id='line_1_21' title="bbox 50 1327 1195 1374; baseline 0 -12"><span class='ocrx_word' id='word_1_146' title='bbox 50 1329 228 1369; x_wconf 82' lang='lat' dir='ltr'>tiocheno,</span> <span class='ocrx_word' id='word_1_147' title='bbox 262 1327 354 1373; x_wconf 85' lang='lat' dir='ltr'>cujus</span> <span class='ocrx_word' id='word_1_148' title='bbox 388 1336 514 1360; x_wconf 77' lang='lat' dir='ltr'>exstant</span> <span class='ocrx_word' id='word_1_149' title='bbox 547 1327 800 1361; x_wconf 86' lang='lat' dir='ltr'>Commentaria</span> <span class='ocrx_word' id='word_1_150' title='bbox 836 1328 870 1361; x_wconf 90' lang='lat' dir='ltr'>in</span> <span class='ocrx_word' id='word_1_151' title='bbox 905 1337 1052 1374; x_wconf 84' lang='lat' dir='ltr'>quatuor</span> <span class='ocrx_word' id='word_1_152' title='bbox 1083 1328 1195 1362; x_wconf 77' lang='lat' dir='ltr'>Evan-</span> 
     </span>
     <span class='ocr_line' id='line_1_22' title="bbox 49 1389 1194 1436; baseline 0.001 -12"><span class='ocrx_word' id='word_1_153' title='bbox 49 1390 158 1435; x_wconf 85' lang='lat' dir='ltr'>gelia?</span> <span class='ocrx_word' id='word_1_154' title='bbox 203 1390 413 1423; x_wconf 85' lang='lat' dir='ltr'>Vetustiores</span> <span class='ocrx_word' id='word_1_155' title='bbox 451 1403 586 1436; x_wconf 88' lang='lat' dir='ltr'>quoque</span> <span class='ocrx_word' id='word_1_156' title='bbox 617 1391 755 1424; x_wconf 83' lang='lat' dir='ltr'>fuerunt</span> <span class='ocrx_word' id='word_1_157' title='bbox 784 1389 847 1423; x_wconf 86' lang='lat' dir='ltr'>illo</span> <span class='ocrx_word' id='word_1_158' title='bbox 881 1390 1005 1423; x_wconf 83' lang='lat' dir='ltr'>Melite</span> <span class='ocrx_word' id='word_1_159' title='bbox 1041 1390 1194 1433; x_wconf 84' lang='lat' dir='ltr'>Asianus,</span> 
     </span>
     <span class='ocr_line' id='line_1_23' title="bbox 49 1451 1192 1500; baseline 0 -14"><span class='ocrx_word' id='word_1_160' title='bbox 49 1453 106 1499; x_wconf 87' lang='lat' dir='ltr'>qui</span> <span class='ocrx_word' id='word_1_161' title='bbox 130 1453 255 1486; x_wconf 87' lang='lat' dir='ltr'>librum</span> <span class='ocrx_word' id='word_1_162' title='bbox 280 1451 458 1496; x_wconf 83' lang='lat' dir='ltr'>scripserat</span> <span class='ocrx_word' id='word_1_163' title='bbox 483 1452 524 1484; x_wconf 88' lang='lat' dir='ltr'>de</span> <span class='ocrx_word' id='word_1_164' title='bbox 550 1452 757 1500; x_wconf 80' lang='lat' dir='ltr'>Apocalypsi</span> <span class='ocrx_word' id='word_1_165' title='bbox 781 1451 940 1494; x_wconf 79' lang='lat' dir='ltr'>Joannis3</span> <span class='ocrx_word' id='word_1_166' title='bbox 976 1462 1009 1485; x_wconf 89' lang='lat' dir='ltr'>et</span> <span class='ocrx_word' id='word_1_167' title='bbox 1031 1453 1192 1495; x_wconf 84' lang='lat' dir='ltr'>Rhodon,</span> 
     </span>
     <span class='ocr_line' id='line_1_24' title="bbox 48 1514 1196 1560; baseline 0.001 -12"><span class='ocrx_word' id='word_1_168' title='bbox 48 1525 83 1548; x_wconf 89' lang='lat' dir='ltr'>et</span> <span class='ocrx_word' id='word_1_169' title='bbox 107 1515 296 1555; x_wconf 85' lang='lat' dir='ltr'>Candidus,</span> <span class='ocrx_word' id='word_1_170' title='bbox 332 1523 364 1546; x_wconf 87' lang='lat' dir='ltr'>et</span> <span class='ocrx_word' id='word_1_171' title='bbox 390 1514 518 1559; x_wconf 88' lang='lat' dir='ltr'>Apion,</span> <span class='ocrx_word' id='word_1_172' title='bbox 549 1515 607 1560; x_wconf 87' lang='lat' dir='ltr'>qui</span> <span class='ocrx_word' id='word_1_173' title='bbox 639 1524 800 1549; x_wconf 85' lang='lat' dir='ltr'>tractatus</span> <span class='ocrx_word' id='word_1_174' title='bbox 832 1515 867 1548; x_wconf 83' lang='lat' dir='ltr'>in</span> <span class='ocrx_word' id='word_1_175' title='bbox 891 1515 1127 1548; x_wconf 64' lang='lat' dir='ltr'>Hexaemeron</span> <span class='ocrx_word' id='word_1_176' title='bbox 1151 1516 1196 1549; x_wconf 87' lang='lat' dir='ltr'>si-</span> 
     </span>
     <span class='ocr_line' id='line_1_25' title="bbox 47 1577 1195 1624; baseline 0.001 -13"><span class='ocrx_word' id='word_1_177' title='bbox 47 1578 189 1621; x_wconf 86' lang='lat' dir='ltr'>gillatim</span> <span class='ocrx_word' id='word_1_178' title='bbox 215 1586 499 1622; x_wconf 86' lang='lat' dir='ltr'>composuerunt;</span> <span class='ocrx_word' id='word_1_179' title='bbox 525 1587 559 1611; x_wconf 91' lang='lat' dir='ltr'>et</span> <span class='ocrx_word' id='word_1_180' title='bbox 581 1579 696 1620; x_wconf 88' lang='lat' dir='ltr'>Judas,</span> <span class='ocrx_word' id='word_1_181' title='bbox 722 1578 779 1624; x_wconf 88' lang='lat' dir='ltr'>qui</span> <span class='ocrx_word' id='word_1_182' title='bbox 802 1578 844 1611; x_wconf 82' lang='lat' dir='ltr'>de</span> <span class='ocrx_word' id='word_1_183' title='bbox 868 1577 1079 1623; x_wconf 83' lang='lat' dir='ltr'>septuaginta</span> <span class='ocrx_word' id='word_1_184' title='bbox 1103 1579 1195 1624; x_wconf 88' lang='lat' dir='ltr'>apud</span> 
     </span>
     <span class='ocr_line' id='line_1_26' title="bbox 48 1639 1190 1686; baseline 0 -12"><span class='ocrx_word' id='word_1_185' title='bbox 48 1640 226 1674; x_wconf 77' lang='lat' dir='ltr'>Danielem</span> <span class='ocrx_word' id='word_1_186' title='bbox 258 1639 531 1673; x_wconf 81' lang='lat' dir='ltr'>hebdomadibus</span> <span class='ocrx_word' id='word_1_187' title='bbox 567 1640 712 1686; x_wconf 87' lang='lat' dir='ltr'>scripsit.</span> <span class='ocrx_word' id='word_1_188' title='bbox 760 1641 876 1686; x_wconf 87' lang='lat' dir='ltr'>Itaque</span> <span class='ocrx_word' id='word_1_189' title='bbox 907 1641 1108 1674; x_wconf 87' lang='lat' dir='ltr'>Ambrosius</span> <span class='ocrx_word' id='word_1_190' title='bbox 1148 1642 1190 1674; x_wconf 80' lang='lat' dir='ltr'>ad</span> 
     </span>
     <span class='ocr_line' id='line_1_27' title="bbox 47 1702 1192 1748; baseline 0 -12"><span class='ocrx_word' id='word_1_191' title='bbox 47 1703 170 1737; x_wconf 83' lang='lat' dir='ltr'>Psalm.</span> <span class='ocrx_word' id='word_1_192' title='bbox 198 1704 363 1743; x_wconf 81' lang='lat' dir='ltr'>CXVIII,</span> <span class='ocrx_word' id='word_1_193' title='bbox 388 1702 444 1737; x_wconf 80' lang='grc'>28.</span> <span class='ocrx_word' id='word_1_194' title='bbox 470 1703 654 1745; x_wconf 85' lang='lat' dir='ltr'>Origenem</span> <span class='ocrx_word' id='word_1_195' title='bbox 679 1704 725 1737; x_wconf 87' lang='lat' dir='ltr'>ait</span> <span class='ocrx_word' id='word_1_196' title='bbox 752 1703 968 1737; x_wconf 89' lang='lat' dir='ltr'>»multorum</span> <span class='ocrx_word' id='word_1_197' title='bbox 991 1702 1192 1748; x_wconf 83' lang='lat' dir='ltr'>interpreta-</span> 
     </span>
     <span class='ocr_line' id='line_1_28' title="bbox 47 1764 1191 1811; baseline 0.001 -13"><span class='ocrx_word' id='word_1_198' title='bbox 47 1765 157 1799; x_wconf 82' lang='lat' dir='ltr'>tiones</span> <span class='ocrx_word' id='word_1_199' title='bbox 181 1765 334 1808; x_wconf 81' lang='lat' dir='ltr'>diligenti</span> <span class='ocrx_word' id='word_1_200' title='bbox 359 1764 551 1799; x_wconf 85' lang='lat' dir='ltr'>discussisse</span> <span class='ocrx_word' id='word_1_201' title='bbox 576 1765 778 1809; x_wconf 82' lang='lat' dir='ltr'>indagine:«</span> <span class='ocrx_word' id='word_1_202' title='bbox 814 1778 899 1811; x_wconf 75' lang='lat' dir='ltr'>quos</span> <span class='ocrx_word' id='word_1_203' title='bbox 927 1775 961 1799; x_wconf 84' lang='lat' dir='ltr'>et</span> <span class='ocrx_word' id='word_1_204' title='bbox 985 1778 1085 1811; x_wconf 84' lang='lat' dir='ltr'>saepe</span> <span class='ocrx_word' id='word_1_205' title='bbox 1110 1766 1191 1799; x_wconf 88' lang='lat' dir='ltr'>cita-</span> 
     </span>
     <span class='ocr_line' id='line_1_29' title="bbox 47 1827 1192 1874; baseline 0.001 -13"><span class='ocrx_word' id='word_1_206' title='bbox 47 1837 101 1861; x_wconf 84' lang='lat' dir='ltr'>tos</span> <span class='ocrx_word' id='word_1_207' title='bbox 124 1829 214 1874; x_wconf 84' lang='lat' dir='ltr'>apud</span> <span class='ocrx_word' id='word_1_208' title='bbox 240 1840 317 1861; x_wconf 88' lang='lat' dir='ltr'>eum</span> <span class='ocrx_word' id='word_1_209' title='bbox 341 1827 505 1872; x_wconf 80' lang='lat' dir='ltr'>reperias:</span> <span class='ocrx_word' id='word_1_210' title='bbox 530 1828 624 1861; x_wconf 70' lang='lat' dir='ltr'>velut</span> <span class='ocrx_word' id='word_1_211' title='bbox 639 1827 767 1862; x_wconf 86' lang='lat' dir='ltr'>Homil.</span> <span class='ocrx_word' id='word_1_212' title='bbox 785 1827 836 1862; x_wconf 89' lang='lat'>15.</span> <span class='ocrx_word' id='word_1_213' title='bbox 855 1827 888 1860; x_wconf 92' lang='lat' dir='ltr'>in</span> <span class='ocrx_word' id='word_1_214' title='bbox 907 1827 1029 1864; x_wconf 84' lang='lat' dir='ltr'>Geues.</span> <span class='ocrx_word' id='word_1_215' title='bbox 1044 1828 1192 1868; x_wconf 81' lang='lat' dir='ltr'>nurn.7.,</span> 
     </span>
     <span class='ocr_line' id='line_1_30' title="bbox 47 1889 1192 1936; baseline 0 -14"><span class='ocrx_word' id='word_1_216' title='bbox 47 1890 107 1922; x_wconf 86' lang='lat' dir='ltr'>ubi</span> <span class='ocrx_word' id='word_1_217' title='bbox 133 1890 196 1923; x_wconf 83' lang='lat' dir='ltr'>ait:</span> <span class='ocrx_word' id='word_1_218' title='bbox 223 1891 341 1924; x_wconf 83' lang='lat' dir='ltr'>»Nune</span> <span class='ocrx_word' id='word_1_219' title='bbox 365 1890 499 1924; x_wconf 86' lang='lat' dir='ltr'>interim</span> <span class='ocrx_word' id='word_1_220' title='bbox 523 1904 592 1924; x_wconf 91' lang='lat' dir='ltr'>non</span> <span class='ocrx_word' id='word_1_221' title='bbox 609 1890 781 1924; x_wconf 76' lang='lat' dir='ltr'>videbitur</span> <span class='ocrx_word' id='word_1_222' title='bbox 805 1891 931 1936; x_wconf 81' lang='lat' dir='ltr'>absque</span> <span class='ocrx_word' id='word_1_223' title='bbox 957 1889 1088 1924; x_wconf 86' lang='lat' dir='ltr'>ratione</span> <span class='ocrx_word' id='word_1_224' title='bbox 1113 1890 1192 1931; x_wconf 87' lang='lat' dir='ltr'>dici,</span> 
     </span>
     <span class='ocr_line' id='line_1_31' title="bbox 49 1952 1194 2000; baseline -0.001 -14"><span class='ocrx_word' id='word_1_225' title='bbox 49 1953 141 1998; x_wconf 85' lang='lat' dir='ltr'>quod</span> <span class='ocrx_word' id='word_1_226' title='bbox 165 1962 200 1986; x_wconf 87' lang='lat' dir='ltr'>et</span> <span class='ocrx_word' id='word_1_227' title='bbox 231 1952 403 1998; x_wconf 85' lang='lat' dir='ltr'>prioribus</span> <span class='ocrx_word' id='word_1_228' title='bbox 433 1953 557 1987; x_wconf 87' lang='lat' dir='ltr'>nostris</span> <span class='ocrx_word' id='word_1_229' title='bbox 582 1953 782 2000; x_wconf 87' lang='lat' dir='ltr'>quibusdam</span> <span class='ocrx_word' id='word_1_230' title='bbox 806 1952 914 1986; x_wconf 86' lang='lat' dir='ltr'>visum</span> <span class='ocrx_word' id='word_1_231' title='bbox 947 1961 1011 1993; x_wconf 85' lang='lat' dir='ltr'>est,</span> <span class='ocrx_word' id='word_1_232' title='bbox 1044 1953 1194 1998; x_wconf 83' lang='lat' dir='ltr'>prophe-</span> 
     </span>
     <span class='ocr_line' id='line_1_32' title="bbox 49 2013 1192 2060; baseline 0 -14"><span class='ocrx_word' id='word_1_233' title='bbox 49 2013 129 2046; x_wconf 78' lang='lat' dir='ltr'>tiam</span> <span class='ocrx_word' id='word_1_234' title='bbox 153 2015 320 2060; x_wconf 86' lang='lat' dir='ltr'>quandam</span> <span class='ocrx_word' id='word_1_235' title='bbox 343 2016 379 2049; x_wconf 86' lang='lat' dir='ltr'>in</span> <span class='ocrx_word' id='word_1_236' title='bbox 402 2016 468 2050; x_wconf 88' lang='lat' dir='ltr'>hoc</span> <span class='ocrx_word' id='word_1_237' title='bbox 493 2015 697 2059; x_wconf 83' lang='lat' dir='ltr'>designatam</span> <span class='ocrx_word' id='word_1_238' title='bbox 717 2014 835 2049; x_wconf 81' lang='lat' dir='ltr'>videri.</span> <span class='ocrx_word' id='word_1_239' title='bbox 847 2029 864 2044; x_wconf 92' lang='lat'>«</span> <span class='ocrx_word' id='word_1_240' title='bbox 913 2014 958 2047; x_wconf 88' lang='lat' dir='ltr'>Et</span> <span class='ocrx_word' id='word_1_241' title='bbox 981 2013 1111 2048; x_wconf 87' lang='lat' dir='ltr'>Homil.</span> <span class='ocrx_word' id='word_1_242' title='bbox 1138 2013 1192 2049; x_wconf 90' lang='grc'>13.</span> 
     </span>
     <span class='ocr_line' id='line_1_33' title="bbox 29 2074 1189 2121; baseline 0 -14"><span class='ocrx_word' id='word_1_243' title='bbox 29 2075 82 2108; x_wconf 49' lang='grc' dir='ltr'>*ἆυ</span> <span class='ocrx_word' id='word_1_244' title='bbox 108 2074 214 2109; x_wconf 83' lang='lat' dir='ltr'>Exod.</span> <span class='ocrx_word' id='word_1_245' title='bbox 239 2090 330 2114; x_wconf 83' lang='lat' dir='ltr'>num.</span> <span class='ocrx_word' id='word_1_246' title='bbox 357 2079 387 2112; x_wconf 88' lang='lat'>5.</span> <span class='ocrx_word' id='word_1_247' title='bbox 423 2078 601 2112; x_wconf 81' lang='lat' dir='ltr'>»Arietem</span> <span class='ocrx_word' id='word_1_248' title='bbox 636 2078 736 2111; x_wconf 87' lang='lat' dir='ltr'>etiam</span> <span class='ocrx_word' id='word_1_249' title='bbox 762 2086 837 2111; x_wconf 83' lang='lat' dir='ltr'>ante</span> <span class='ocrx_word' id='word_1_250' title='bbox 868 2089 931 2110; x_wconf 88' lang='lat' dir='ltr'>nos</span> <span class='ocrx_word' id='word_1_251' title='bbox 965 2075 1101 2121; x_wconf 87' lang='lat' dir='ltr'>quidam</span> <span class='ocrx_word' id='word_1_252' title='bbox 1124 2087 1189 2119; x_wconf 89' lang='lat' dir='ltr'>pro</span> 
     </span>
     <span class='ocr_line' id='line_1_34' title="bbox 49 2134 1190 2183; baseline 0 -13"><span class='ocrx_word' id='word_1_253' title='bbox 49 2134 166 2170; x_wconf 68' lang='lat' dir='ltr'>furore</span> <span class='ocrx_word' id='word_1_254' title='bbox 190 2149 409 2183; x_wconf 61' lang='lat' dir='ltr'>pomerum«</span> <span class='ocrx_word' id='word_1_255' title='bbox 458 2141 503 2174; x_wconf 87' lang='lat' dir='ltr'>Et</span> <span class='ocrx_word' id='word_1_256' title='bbox 525 2140 652 2173; x_wconf 87' lang='lat' dir='ltr'>Homil.</span> <span class='ocrx_word' id='word_1_257' title='bbox 672 2139 705 2176; x_wconf 87' lang='grc'>8.</span> <span class='ocrx_word' id='word_1_258' title='bbox 736 2140 771 2173; x_wconf 87' lang='lat' dir='ltr'>in</span> <span class='ocrx_word' id='word_1_259' title='bbox 794 2139 902 2173; x_wconf 79' lang='lat' dir='ltr'>Levit.</span> <span class='ocrx_word' id='word_1_260' title='bbox 926 2151 1019 2172; x_wconf 88' lang='lat' dir='ltr'>num.</span> <span class='ocrx_word' id='word_1_261' title='bbox 1044 2136 1075 2171; x_wconf 85' lang='grc'>6,</span> <span class='ocrx_word' id='word_1_262' title='bbox 1116 2136 1190 2169; x_wconf 83' lang='lat' dir='ltr'>»De</span> 
     </span>
     <span class='ocr_line' id='line_1_35' title="bbox 49 2197 1190 2244; baseline 0.001 -13"><span class='ocrx_word' id='word_1_263' title='bbox 49 2199 115 2232; x_wconf 86' lang='lat' dir='ltr'>hoc</span> <span class='ocrx_word' id='word_1_264' title='bbox 140 2199 278 2244; x_wconf 87' lang='lat' dir='ltr'>quidam</span> <span class='ocrx_word' id='word_1_265' title='bbox 311 2201 410 2236; x_wconf 86' lang='lat' dir='ltr'>etiam</span> <span class='ocrx_word' id='word_1_266' title='bbox 442 2211 518 2237; x_wconf 83' lang='lat' dir='ltr'>ante</span> <span class='ocrx_word' id='word_1_267' title='bbox 549 2215 604 2236; x_wconf 87' lang='lat' dir='ltr'>me</span> <span class='ocrx_word' id='word_1_268' title='bbox 636 2201 829 2236; x_wconf 85' lang='lat' dir='ltr'>dixerunt.«</span> <span class='ocrx_word' id='word_1_269' title='bbox 877 2201 923 2234; x_wconf 90' lang='lat' dir='ltr'>Et</span> <span class='ocrx_word' id='word_1_270' title='bbox 946 2198 1074 2233; x_wconf 86' lang='lat' dir='ltr'>Homil.</span> <span class='ocrx_word' id='word_1_271' title='bbox 1099 2197 1131 2233; x_wconf 85' lang='lat'>9.</span> <span class='ocrx_word' id='word_1_272' title='bbox 1155 2197 1190 2232; x_wconf 81' lang='lat' dir='ltr'>in</span> 
     </span>
     <span class='ocr_line' id='line_1_36' title="bbox 48 2260 1194 2312; baseline -0.002 -15"><span class='ocrx_word' id='word_1_273' title='bbox 48 2262 149 2297; x_wconf 82' lang='lat' dir='ltr'>Num.</span> <span class='ocrx_word' id='word_1_274' title='bbox 173 2275 267 2298; x_wconf 83' lang='lat' dir='ltr'>num.</span> <span class='ocrx_word' id='word_1_275' title='bbox 291 2263 322 2298; x_wconf 88' lang='lat'>5.</span> <span class='ocrx_word' id='word_1_276' title='bbox 348 2263 517 2309; x_wconf 79' lang='lat' dir='ltr'>»Quidam</span> <span class='ocrx_word' id='word_1_277' title='bbox 541 2274 653 2300; x_wconf 83' lang='lat' dir='ltr'>tamen</span> <span class='ocrx_word' id='word_1_278' title='bbox 678 2277 716 2300; x_wconf 81' lang='lat' dir='ltr'>cx</span> <span class='ocrx_word' id='word_1_279' title='bbox 740 2265 791 2307; x_wconf 76' lang='lat' dir='ltr'>iis,</span> <span class='ocrx_word' id='word_1_280' title='bbox 817 2262 875 2312; x_wconf 83' lang='lat' dir='ltr'>qui</span> <span class='ocrx_word' id='word_1_281' title='bbox 902 2271 978 2297; x_wconf 79' lang='lat' dir='ltr'>ante</span> <span class='ocrx_word' id='word_1_282' title='bbox 1000 2274 1063 2300; x_wconf 79' lang='lat' dir='ltr'>nos</span> <span class='ocrx_word' id='word_1_283' title='bbox 1090 2260 1194 2297; x_wconf 82' lang='lat' dir='ltr'>inter-</span> 
     </span>
    </p>
   </div>
  </div>
 </body>
</html>
