1413 2482
147 94 212 130 188
479 95 590 128 Pssrm
614 94 787 129 Dmmus
813 95 942 130 llum-n

146 185 266 226 tiones,
291 185 336 217 ita
359 193 397 216 ut
419 196 493 215 suas
517 183 665 225 singulae
689 184 823 228 paginas
845 194 1060 230 occuparent.
1095 186 1131 219 ln
1157 185 1276 218 iisdem

147 247 236 280 enim
268 248 403 279 suerunt
435 244 563 288 paginis
596 245 783 290 descriptae
821 259 938 279 omnes
970 259 1006 279 ac
1036 245 1182 280 invicem
1216 262 1276 292 op-

146 308 296 353 positae,
321 307 408 346 sive,
434 315 470 338 ut
493 305 540 338 ait
563 306 792 351 Epiphanius,
825 311 1130 353 συντεταγμέναι,
1165 308 1222 354 qui
1245 318 1278 341 ct

145 369 257 409 addit,
292 368 319 401 si
350 367 520 413 Tetraplis
552 367 691 402 Graecis
722 369 828 414 Dipla
859 369 1013 402 Hebraea
1049 369 1190 402 fuissent
1220 371 1277 403 ad-

146 431 270 475 juncta,
294 429 461 475 prodiisse
487 430 655 474 Hexapla:
681 431 773 475 quod
799 430 872 463 sieri
898 440 988 463 certe
1012 443 1081 463 non
1105 430 1279 476 potuisset,

145 492 208 524 nisi
234 505 251 525 e
275 491 412 534 regione
445 491 593 524 invicem
618 491 796 536 oppositae
823 501 931 525 essent
956 491 991 524 in
1015 492 1135 525 iisdem
1153 492 1281 537 paginis

145 555 387 599 Tetraplorum
420 552 646 586 Graecanicae
684 551 867 593 editiones,
904 554 1218 598 quemdadmodum
1249 563 1283 587 et

146 617 181 649 in
206 616 377 661 Hexaplis.
413 629 418 633 ·

233 678 274 710 V.
322 676 657 710 Animadversionem
687 685 837 719 nostram
870 677 1030 722 requirit,
1061 678 1154 722 quod
1188 678 1280 710 idern

144 740 191 772 ait
216 739 400 779 Eusebius,
431 738 584 772 collectis
616 738 650 770 in
681 751 786 769 unum
820 751 876 771 sex
902 738 1108 772 editionibus
1132 738 1281 778 Graecis,

146 810 179 834 et
211 801 344 848 adjecto
376 800 544 834 Hebraico
581 808 739 833 contextu
762 800 938 845 'Hexapla-
957 800 1055 834 nobis
1094 801 1278 843 Origenem

144 863 340 908 reliquisse;
370 863 583 896 psalmorum
617 874 696 893 vero
729 862 880 906 Hexapla
905 862 1043 895 Graecis
1074 862 1279 895 editionibus

144 935 275 970 septem
300 925 498 959 constitisse.
545 923 693 957 Eusebio
729 923 942 956 consentiunt
973 924 1103 957 scholia
1126 925 1280 957 Romana

144 987 179 1020 in
203 987 390 1019 editionem
419 989 491 1021 τῶν
515 984 786 1031 ἑβδομήκοντα,
820 985 853 1017 in
884 985 1006 1030 quibus
1036 998 1279 1030 nonnunquam

144 1061 247 1094 super
269 1049 423 1082 Psalmos
448 1048 601 1092 Hexapla
626 1047 779 1080 citantur.
812 1047 990 1080 Consentit
1015 1056 1048 1080 et
1070 1047 1280 1093 Epiphanius

146 1112 248 1144 Haer.
267 1110 321 1145 64.
347 1123 419 1155 cap.
436 1110 479 1150 3.‚
505 1119 538 1142 et
562 1118 640 1154 post
663 1108 761 1140 illum
789 1108 949 1148 Zonaras,
973 1108 1032 1153 qui
1056 1108 1179 1142 diserte
1200 1121 1282 1154 pro-

145 1173 300 1207 nuntiant
324 1172 475 1217 Hexapla
498 1184 554 1205 sex
579 1170 746 1203 editiones
772 1169 926 1210 Graecas,
953 1183 1028 1203 cum
1055 1170 1186 1212 gemina
1211 1170 1280 1204 He—

145 1235 250 1269 braici
273 1242 381 1268 textus
407 1233 634 1278 descriptione
659 1232 760 1265 fuisse
792 1233 978 1277 complexa.
1027 1231 1155 1276 Quaeri
1178 1232 1281 1275 igitur

144 1306 276 1342 potest,
307 1311 367 1330 cur
392 1297 543 1340 Hexapla
576 1295 664 1327 dicta
695 1295 779 1334 sint,
812 1308 896 1340 quae
923 1303 1002 1327 octo
1029 1294 1202 1327 columnas
1226 1294 1282 1327 ha-

144 1361 259 1393 buere.
307 1360 378 1392 Nec
402 1358 503 1398 enim,
530 1366 626 1402 puto,
651 1369 727 1388 cum
745 1356 886 1389 Erasmo
902 1356 933 1400 ¹)
960 1365 993 1388 et
1013 1355 1281 1397 Magdeburgen-

144 1421 282 1465 sibus2)
315 1421 416 1454 sentit
447 1419 624 1464 quisquam
646 1416 826 1460 ‘Effan).f‹,
858 1430 927 1449 non
952 1429 970 1449 a
993 1429 1136 1450 numero
1161 1417 1198 1457 ἕξ
1222 1430 1280 1462 ap-

144 1483 367 1528 pellationem
392 1495 463 1515 esse
485 1480 622 1520 sortita,
645 1480 704 1512 sed
728 1492 746 1511 a
770 1479 875 1511 verbo
901 1477 1086 1523 ἐξαπλόω,
1114 1480 1205 1524 quod
1232 1488 1281 1512 est

150 1546 313 1590 »explano
325 1560 352 1578 2«
378 1551 456 1578 nam
480 1543 569 1575 unde
594 1543 700 1575 sactae
719 1542 912 1574 dicerentur
928 1554 1043 1573 voces:
1073 1543 1277 1586 Τειραπλᾶ,

146 1617 180 1639 et
199 1607 397 1647 Ὀκταπλᾶς
426 1605 649 1650 Respondent
671 1602 831 1635 nonnulli
856 1602 1009 1647 Hexapla
1032 1602 1137 1643 dicta,
1168 1615 1238 1635 non
1261 1615 1280 1635 a

145 1681 288 1701 numero
314 1668 559 1707 columnarum,
584 1666 643 1699 Sed
666 1679 684 1697 a
708 1677 850 1697 numero
872 1664 1188 1709 interpretationum
1205 1677 1279 1707 sex;

145 1729 238 1762 nulla
262 1729 374 1761 habita
406 1738 580 1761 contextus
606 1727 765 1762 Hebraici
795 1726 942 1765 ratione,
972 1725 1031 1770 qui
1061 1725 1148 1757 inter
1177 1725 1280 1758 inter-

145 1791 352 1836 pretationes
383 1791 552 1822 numerari
582 1802 650 1821 non
684 1788 811 1821 debuit.
859 1787 948 1820 Huic
981 1786 1135 1831 opinioni
1165 1787 1278 1820 favere

145 1853 279 1885 videtur
302 1851 512 1896 Epiphanius
537 1852 615 1883 loco
639 1863 717 1882 mox
741 1850 857 1888 allato,
882 1862 958 1881 cum
983 1848 1045 1880 ait:
1071 1846 1160 1883 ὥστε
1184 1846 1279 1884 εἶναι

146 1913 210 1959 τὴν
235 1916 359 1948 πᾶσαν
375 1912 538 1946 παλαιὰν
563 1910 744 1955 διαθήκην
762 1911 805 1946 δι’
820 1910 1009 1949 Ἑξαπλῶν
1025 1912 1275 1954 καλουμένων,

147 1979 207 2011 καὶ
232 1974 291 2010 διὰ
317 1977 388 2009 τῶν
413 1974 479 2009 δύο
502 1973 706 2018 Ἑβραϊκῶν
731 1971 922 2018 ῥημάτων·
948 1971 1007 2004 ubi
1033 1980 1148 2016 aperte
1168 1971 1278 2005 Hexa-

146 2039 203 2084 pla
227 2037 354 2071 Graeca
387 2049 403 2068 a
428 2035 542 2080 Diplis
567 2034 742 2067 Hebraicis
774 2034 956 2075 distinguit.
1005 2033 1154 2077 Hexapla
1188 2045 1278 2075 crgo,

147 2100 320 2145 inquiunt,
358 2111 377 2130 a
415 2109 470 2130 sex
507 2095 840 2140 interpretationibus
876 2096 1013 2127 suerunt
1053 2094 1277 2135 denominata,

245 2229 277 2273 ¹)
303 2227 373 2260 Cfr.
397 2225 524 2258 Erasm.
551 2225 592 2257 de
618 2224 724 2258 doctr.
752 2232 784 2255 et
809 2223 883 2256 libr.
911 2223 1049 2266 Origen.

243 2284 277 2328 2)
304 2282 374 2316 Cfr.
400 2281 616 2324 Magdeburg.
645 2280 781 2313 centur.
808 2280 870 2317 lll.
895 2293 968 2324 cap.
995 2280 1046 2314 10.
