1422 2472
380 63 692 98 Omonmmonum
716 63 829 97 Lmssn
853 63 914 98 ΙΙΙ.
1151 64 1214 98 165

87 166 219 187 morum
243 162 321 198 post
344 152 486 196 insignes
511 162 655 198 quatuor
678 152 863 194 editiones,
887 166 955 186 non
981 153 1130 198 quintam
1157 168 1212 187 so-

88 215 170 256 lum,
194 216 252 248 sed
278 224 310 247 et
334 224 475 255 sextam,
501 224 533 248 et
556 214 734 259 septimam
759 215 940 260 adjungens
964 214 1214 260 interpretatio-

86 289 183 317 nem,
208 277 242 309 in
266 277 408 319 singulas
432 289 545 309 rursus
570 277 742 309 columnas
766 276 962 321 descripsit;
984 286 1104 322 utpote
1130 291 1213 322 quae

88 338 309 371 Hierichunte
342 347 476 383 reperta
513 337 555 370 sit
589 337 623 370 in
660 337 754 370 dolio
789 338 1002 383 temporibus
1039 340 1215 381 Antonini,

89 399 170 445 ejus,
188 400 245 445 qui
258 400 322 433 fuit
334 399 452 434 Severi
464 399 583 433 filius«
615 399 699 434 Ἐπὶ
715 401 802 444 μιᾶς
814 399 944 433 locutio
959 409 1008 433 est
1020 400 1167 442 Tactica,
1183 401 1214 446 ¹)

91 474 155 506 qua
179 474 232 495 res
255 461 481 504 significantur
503 461 539 493 in
562 473 667 493 unum
691 474 825 494 versum
850 462 1037 495 collocatae
1061 475 1079 495 a
1103 463 1216 496 fronte

89 523 130 555 ad
152 533 294 566 tergum.
343 523 485 568 Optime
509 523 610 555 docet
633 523 806 562 Budaeus,
839 522 921 568 quid
951 523 1019 555 sint
1050 526 1131 567 νῆες
1156 525 1217 559 ἐπὶ

88 586 176 629 μιᾶς
196 588 422 631 τεταγμέναι,
447 597 569 630 nempe
592 597 692 617 naves
715 584 762 617 ita
784 584 976 625 instructae,
1000 594 1037 617 ut
1060 585 1158 618 unica
1183 585 1216 618 in

89 647 201 679 fronte
225 646 284 689 sit,
314 647 464 691 reliquae
488 659 578 691 pone
602 655 783 692 sequantur
812 646 846 678 in
871 659 1003 679 versum
1028 657 1218 692 porrectae.

90 708 141 740 lta
163 707 220 754 ἐφ’
236 707 316 748 ἑνὸς
339 711 550 754 τεταγμένοι
574 709 798 753 στρατιῶται,
823 707 949 740 milites
965 717 1043 741 sunt
1062 709 1094 741 in
1112 723 1215 742 unum

89 782 220 802 versum
252 783 271 802 a
302 771 413 803 fronte
437 769 479 802 ad
509 778 639 811 tergum
669 768 834 803 instructi.
881 770 977 802 Hanc
1008 769 1218 803 locutionem

91 830 259 873 eleganter
293 831 357 864 huc
394 830 564 864 transtulit
594 830 773 867 Eusebius.
826 831 998 875 Quoniam
1037 832 1124 865 enim
1157 846 1219 878 per

91 891 204 935 longas
229 902 262 926 et
285 902 436 935 augustas
467 893 666 925 columellas
698 892 844 935 digestae
875 902 968 926 erant
992 893 1159 927 editiones
1183 895 1217 927 in

91 954 270 999 Hexaplis,
300 963 484 999 propterea
513 955 574 989 ἐπὶ
603 957 693 999 μιᾶς
717 958 1006 1000 σεσημειωμένας
1030 969 1099 988 esse
1125 956 1217 990 dixit.

91 1015 158 1048 Sua
183 1029 319 1061 quoque
334 1016 383 1049 vis
406 1016 493 1049 inest
504 1016 672 1048 vocabulo
691 1020 935 1060 σεσημείωται.
967 1020 1217 1062 Σημειοῦσθαι

91 1086 226 1121 praeter
248 1078 328 1110 alias
352 1077 627 1119 significationes,
658 1086 755 1109 sonat
779 1077 896 1110 etiam:
935 1078 1125 1123 »scripturn
1157 1080 1217 1112 ali-

94 1139 186 1183 quod
210 1139 251 1172 ad
276 1139 367 1172 aliud
392 1137 547 1183 adjicere,
571 1138 761 1171 adscribere
771 1154 799 1179 ,«
827 1148 864 1171 ut
887 1139 1040 1183 superius
1065 1141 1221 1174 observa-

95 1208 166 1232 tum
199 1210 255 1233 est.
302 1200 422 1242 Igitur:
460 1201 520 1234 ἐπὶ
550 1204 638 1245 μιᾶς
669 1205 924 1246 σεσημείωται,
957 1200 1023 1233 hoc
1054 1210 1120 1234 est:
1160 1202 1220 1235 »in

95 1261 239 1303 singulas
275 1261 446 1294 columnas
490 1261 681 1294 describens
723 1262 764 1294 ad
800 1262 949 1307 priorem
964 1262 997 1306 ²)
1034 1263 1218 1298 adtexuit.«

93 1322 275 1368 Perperam
305 1323 387 1356 haec
411 1322 543 1367 accepit
565 1322 778 1368 Nicephorus
812 1323 889 1356 libr.
906 1324 946 1356 V.
973 1337 1044 1369 cap.
1064 1324 1115 1359 11.
1163 1325 1222 1358 Ait

95 1383 204 1417 enim:
230 1385 281 1420 Οὐ
304 1387 475 1429 πέμπτην
498 1383 628 1430 μόνον,
656 1381 747 1418 ἀλλὰ
763 1387 825 1419 καὶ
841 1384 956 1428 ἕκτην,
983 1389 1043 1420 καὶ
1059 1385 1222 1432 ἑβδόμην

94 1449 273 1492 παραθεὶς
301 1446 495 1494 ἑρμηνείαν
527 1446 815 1492 ἐπισημαίνεται.
870 1448 941 1480 Nec
955 1447 988 1490 ³)
1020 1447 1221 1483 difficultate

94 1574 242 1615 notavit,
271 1583 440 1619 repertam
463 1574 558 1607 illam
590 1573 692 1607 fuisse
716 1574 934 1607 Hien'chunte
960 1575 992 1607 in
1019 1576 1113 1609 dolio
1138 1587 1223 1611 tem-

95 1630 238 1675 poribus
258 1630 442 1670 Antonini,
469 1630 526 1674 qui
550 1630 666 1663 Severi
690 1630 778 1663 filius
802 1631 898 1664 fuit.«
947 1632 987 1664 R.

189 1687 220 1732 ¹)
245 1686 309 1720 Ed.
323 1686 428 1719 Ruaei
442 1686 532 1718 sola:
556 1686 676 1718 Attica.
773 1687 805 1731 ²)
822 1686 909 1719 Edd.
922 1687 1056 1721 Huetii:
1079 1682 1221 1734 priores.

188 1743 222 1787 ³)
249 1743 397 1775 Zonaras
423 1741 559 1787 quidem
584 1741 619 1773 in
646 1742 730 1775 Hist.
756 1742 872 1786 imper.
901 1743 1034 1784 Severi,
1066 1753 1100 1777 et
1124 1745 1223 1779 Nice-

96 1797 222 1842 phorus
253 1797 311 1831 lib.
326 1798 368 1833 V.
397 1810 468 1842 cap.
488 1797 539 1832 11.
570 1797 662 1843 ajunt
691 1798 868 1842 septimam
901 1797 1085 1832 editionem
1110 1800 1224 1834 Hieri-

99 1853 219 1886 chunte
243 1853 344 1886 fuisse
368 1853 554 1895 inventam;
578 1855 636 1886 sed
661 1853 696 1886 id
721 1863 835 1898 aperte
860 1866 929 1886 non
954 1854 1103 1888 enuntiat
1118 1856 1224 1890 Euse-

99 1908 183 1942 bius.
238 1908 414 1954 Quidquid
451 1911 540 1942 enim
571 1910 716 1943 Huetius
747 1910 853 1943 dicat:
901 1910 962 1945 ἐπὶ
995 1913 1083 1956 μιᾶς
1119 1907 1224 1952 αὖθις

102 1969 354 2008 σεσημείωται,
388 1963 436 2004 ὠς
463 1967 502 2000 ἐν
523 1966 667 2013 Ἱεριχοῖ
695 1965 890 2010 εὑρημένης
922 1966 962 2000 ἐν
985 1969 1100 2011 πίθῳ,
1133 1968 1223 2003 κατὰ

102 2018 183 2059 τοὺς
201 2019 356 2065 χρόνους
376 2020 591 2057 Ἀντωνίνου
614 2025 676 2057 τοῦ
705 2025 782 2057 υἱοῦ
808 2019 991 2067 Σεβήρου·
1023 2021 1108 2054 nihil
1133 2024 1225 2057 aliud

103 2075 277 2117 significat,
310 2089 429 2120 quam:
474 2092 611 2111 „rursus
642 2078 675 2111 in
699 2078 870 2123 principio
902 2077 999 2110 unius
1022 2078 1152 2112 notavit
1177 2079 1226 2112 in-

67 2145 71 2147 ·
103 2140 234 2163 ventam
258 2131 350 2164 illam
375 2134 476 2167 fuisse
493 2133 711 2167 Hierichunte
735 2134 946 2180 temporibus
970 2135 1144 2176 Antonini,
1169 2137 1227 2181 qui

103 2188 221 2222 Severi
246 2188 334 2220 filius
358 2189 451 2230 suit,«
477 2200 517 2223 ut
539 2199 630 2223 recte
646 2189 815 2224 transtulit
829 2190 996 2223 Valesius:
1021 2203 1058 2223 ac
1083 2192 1226 2236 proinde

104 2254 172 2278 tam
197 2244 238 2277 ad
263 2244 432 2289 quintam,
463 2255 518 2279 aut
542 2256 684 2288 sextam,
717 2259 814 2292 quam
839 2247 880 2280 ad
906 2246 1082 2291 septimam
1106 2248 1227 2282 editio-
