1422 2472
374 101 688 137 omentum-onum
712 100 824 134 Lmen
847 100 910 137 Ill.
1150 101 1211 136 151

73 192 132 238 qui
155 192 299 226 nimium
322 192 475 225 tribuunt
494 192 701 237 quibuslibet
720 191 826 225 titulis
845 204 882 224 ac
894 190 1207 224 Praefatiunculis.«

73 253 207 298 Quibus
230 254 341 287 verbis
365 254 442 287 satis
467 254 632 295 ostendit,
664 267 699 287 se
732 254 774 287 de
798 253 1042 293 Praefationis,
1072 265 1142 286 non
1168 253 1208 285 de

74 316 304 350 Homiliarnm
330 326 467 351 auctore
493 317 689 363 disputasse.
736 314 781 349 Et
804 324 917 348 tamen
940 315 1210 358 Magdeburgen—

72 377 159 412 sium
189 378 389 412 sententiam
421 379 613 424 amplexum
651 391 719 412 esse
749 377 850 411 video
883 377 1096 411 Gulielmum
1126 376 1210 410 Per-

71 441 238 482 kinsium,
256 442 287 486 ¹)
317 441 488 487 aliumque
520 441 636 475 aetatis
666 441 764 488 hujus
797 440 1063 481 heterodoxum,
1099 439 1209 473 virum

71 504 157 537 bene
182 504 341 544 doctum,
367 503 461 550 cujus
485 503 617 537 nomini
640 516 754 550 parce.

164 565 215 599 Ex
239 566 356 599 eadem
379 565 494 599 Rufini
518 565 739 600 Peroratione‘
763 566 919 612 proxime
945 573 1211 599 commemorata

73 627 302 661 Homiliarum
325 640 448 661 novem
473 627 507 660 in
530 627 668 661 Judices
693 637 811 661 auctor
837 641 906 661 esse
932 626 1116 669 Origenes,
1141 627 1211 659 Ru-

70 691 157 724 fmus
179 690 365 736 interpres,
390 699 424 723 et
448 690 606 736 quidem,
631 690 659 723 si
682 690 766 736 quid
790 690 856 736 ipsi
882 690 1106 729 credendum,
1131 688 1209 721 satis

70 761 245 786 accuratus
281 752 558 798 deprehenditur.
610 753 681 785 Nec
718 752 855 785 aliunde
891 752 1083 798 profectam
1120 751 1210 784 dicas

70 814 258 848 Humiliam
297 814 431 848 unicam
467 814 501 847 in
535 815 642 857 Reges
674 814 791 847 Latine
834 814 979 855 editam,
1016 813 1085 847 sive
1123 827 1208 858 opus

68 877 190 922 ipsum,
213 877 283 911 sive
306 877 624 923 interpretationem
647 887 788 922 spectes.
825 877 917 910 Illud
941 877 976 910 in
1002 890 1040 911 ea
1064 877 1207 910 maxime

69 939 290 973 animadverti
321 939 442 980 velim,
475 940 568 985 quod
599 939 743 973 habetur
772 953 862 973 num.
888 939 918 975 1.
944 939 1031 973 eirca
1055 939 1210 973 initium:

71 1001 208 1036 »Nolite
244 1015 322 1045 ergo
361 1002 396 1035 in
431 1002 530 1035 nobis
566 1002 653 1035 illud
687 1002 879 1048 requirere,
916 1002 1009 1048 quod
1047 1001 1083 1050 in
1116 1002 1209 1047 Papa

74 1064 262 1097 Alexandro
286 1064 428 1097 habetis.
474 1064 638 1097 Falernur
664 1064 769 1105 enim,
803 1065 895 1110 quod
929 1077 1045 1098 omnes
1070 1078 1132 1097 nos
1157 1078 1211 1097 su-

71 1135 168 1171 perat
189 1126 225 1158 in
250 1125 352 1168 gratia
377 1126 555 1160 lenitatis.«
606 1126 833 1158 Alexandrum
859 1126 1211 1173 Hierosolymitanum

73 1189 261 1233 praesulem
286 1187 461 1230 significat,
487 1201 505 1221 a
529 1201 596 1233 quo
623 1189 664 1221 ad
688 1187 892 1236 presbyterii
918 1188 1075 1221 ordinem
1100 1190 1210 1222 suerat

74 1260 264 1296 promotus.
315 1251 419 1295 Quod
444 1265 520 1284 cum
544 1251 713 1293 ignoraret
737 1251 887 1283 Andreas
911 1251 1065 1292 Rivetus,
1089 1252 1212 1284 frustra

72 1327 113 1346 >ex
137 1313 177 1346 iis
204 1314 416 1347 occasionem
440 1313 557 1347 sumsit
582 1313 756 1346 Homiliac
788 1309 885 1358 hujus
911 1313 1053 1356 Origeni
1078 1313 1211 1360 abjudi-

74 1378 208 1411 candae.
261 1381 325 1410 »At
350 1377 423 1422 quis
448 1377 525 1417 ille,
551 1376 678 1421 inquit,
706 1376 897 1409 Alexander
920 1376 1036 1421 Papa?
1081 1377 1119 1410 Si
1143 1378 1212 1422 pri-

73 1453 147 1474 mus
178 1440 358 1486 episcopus
393 1441 564 1473 Romanus
597 1439 666 1485 ejus
699 1438 863 1479 nominis,
899 1440 1008 1473 multo
1040 1440 1212 1485 antiquior

74 1512 141 1536 est:
180 1504 229 1535 sin
261 1516 341 1536 vero
376 1503 555 1548 episcopus
589 1502 851 1542 Alexandrinus,
882 1503 992 1535 multo
1026 1503 1210 1546 recentior3

70 1566 231 1601 suecessit
256 1566 346 1599 enim
371 1565 524 1600 Achillae
549 1578 635 1597 anno
663 1564 788 1598 Christi
816 1565 911 1607 311.‚
945 1580 1021 1598 cum
1046 1566 1210 1608 Origenes

72 1639 260 1664 extremum
285 1630 376 1662 diem
401 1628 541 1661 obiisset
566 1628 652 1661 circa
676 1641 801 1661 annum
826 1627 923 1662 256.«
963 1629 1115 1661 Alteram
1130 1629 1212 1676 VH⁰”

72 1694 202 1727 mili-'tm
235 1694 276 1726 de
301 1692 592 1736 Engastrimytho,
624 1704 724 1736 quam
759 1704 775 1723 e
801 1691 960 1724 Vaticana
994 1691 1211 1724 Bibliotheca

72 1766 200 1790 erutam
224 1754 412 1801 publicavit
429 1754 584 1794 Allatius,
610 1763 642 1786 et
669 1754 805 1787 Codic1s
830 1755 924 1795 fides,
949 1763 982 1787 et
1006 1754 1100 1787 stilus
1126 1756 1210 1800 ipse,

73 1830 106 1853 et
129 1819 297 1853 Eustathii
321 1817 557 1860 Diagnosticus
583 1817 738 1859 Origenis
765 1831 834 1851 esse
860 1819 1104 1851 demonstrant.

161 1884 219 1916 VI.
259 1880 482 1925 Agnoscimus
507 1880 607 1913 etiam
632 1893 670 1912 ex
694 1881 847 1925 proxime
881 1882 984 1913 allato
1010 1881 1208 1914 Rufinianae

74 1945 303 1978 Perorationis
328 1943 544 1986 testimonio,
576 1943 745 1977 Homilias
770 1957 894 1976 novem
919 1943 953 1976 in
978 1944 1131 1976 Psalmos
1156 1943 1209 1990 36·

75 2008 129 2042 37.
154 2016 188 2041 et
216 2008 270 2043 38.
318 2007 458 2050 Origeni
489 2007 610 2040 merito
642 2007 802 2048 abscril›i‚
834 2007 958 2040 Rufino
993 2020 1073 2039 vero
1108 2006 1211 2039 inter-

74 2070 319 2116 pretationem3
357 2083 498 2115 eamque
536 2070 737 2115 simpliciter
776 2070 876 2103 fuisse
914 2081 1111 2114 expressam.
1172 2069 1210 2100 In

76 2132 214 2176 gratiam
239 2133 425 2178 Aproniani
457 2133 519 2166 viri
551 2133 696 2174 nobilis,
730 2142 762 2165 ct
796 2145 927 2165 caussae
960 2145 1036 2165 suae
1068 2130 1210 2163 faventis

175 2274 205 2319 ¹)
232 2273 300 2306 Csr.
328 2273 474 2308 Perkins.
506 2275 539 2308 in
563 2276 737 2310 Problem.
764 2276 806 2309 de
838 2273 1000 2307 ementito
1035 2272 1115 2306 fidei
1140 2273 1210 2308 Ro-

77 2333 194 2355 manae
224 2318 477 2354 Catholicismo.
